{
  "extractedAt": "2026-01-13T08:36:20.866Z",
  "dateRange": {
    "from": "2025-09-01",
    "to": "2026-01-13"
  },
  "summary": {
    "totalProducts": 866,
    "totalRevenue": 4223494.920000005,
    "totalQuantitySold": 821110.334,
    "categoriesCount": 31,
    "categoryBreakdown": [
      {
        "category": "Breakfast",
        "productCount": 44,
        "totalRevenue": 900807.2799999999
      },
      {
        "category": "Beverages",
        "productCount": 38,
        "totalRevenue": 681760.9900000001
      },
      {
        "category": "Subscriptions",
        "productCount": 139,
        "totalRevenue": 665325.8999999998
      },
      {
        "category": "Hot Meals",
        "productCount": 141,
        "totalRevenue": 463821.49000000005
      },
      {
        "category": "Sandwiches",
        "productCount": 27,
        "totalRevenue": 398829.88
      },
      {
        "category": "Desserts",
        "productCount": 52,
        "totalRevenue": 347920.75
      },
      {
        "category": "Pizza",
        "productCount": 7,
        "totalRevenue": 255835.81
      },
      {
        "category": "Special Events",
        "productCount": 4,
        "totalRevenue": 196540.57
      },
      {
        "category": "Salads",
        "productCount": 38,
        "totalRevenue": 107076.98999999999
      },
      {
        "category": "OBB",
        "productCount": 71,
        "totalRevenue": 54559.96000000001
      },
      {
        "category": "Basic Sub- Recipe",
        "productCount": 107,
        "totalRevenue": 41321.610000000015
      },
      {
        "category": "Appetizers",
        "productCount": 39,
        "totalRevenue": 38138.909999999996
      },
      {
        "category": "Burgers",
        "productCount": 2,
        "totalRevenue": 37483.020000000004
      },
      {
        "category": "Compound Sub- Recipe",
        "productCount": 39,
        "totalRevenue": 21740.04
      },
      {
        "category": "Mezza",
        "productCount": 3,
        "totalRevenue": 11204.2
      },
      {
        "category": "Sauce",
        "productCount": 5,
        "totalRevenue": 391.90999999999997
      },
      {
        "category": "All",
        "productCount": 3,
        "totalRevenue": 330
      },
      {
        "category": "Fruits & Vegetables",
        "productCount": 34,
        "totalRevenue": 312.6
      },
      {
        "category": "Chicken, Meat & Fish",
        "productCount": 2,
        "totalRevenue": 44.1
      },
      {
        "category": "Bread",
        "productCount": 8,
        "totalRevenue": 37.21
      },
      {
        "category": "Grains",
        "productCount": 1,
        "totalRevenue": 11.38
      },
      {
        "category": "Condiments",
        "productCount": 3,
        "totalRevenue": 0.32
      },
      {
        "category": "Dairy Products",
        "productCount": 12,
        "totalRevenue": 0
      },
      {
        "category": "Pasta",
        "productCount": 6,
        "totalRevenue": 0
      },
      {
        "category": "Grains & Spices",
        "productCount": 4,
        "totalRevenue": 0
      },
      {
        "category": "Vinegar&Seasonings",
        "productCount": 1,
        "totalRevenue": 0
      },
      {
        "category": "Hygiene",
        "productCount": 1,
        "totalRevenue": 0
      },
      {
        "category": "Soups",
        "productCount": 4,
        "totalRevenue": 0
      },
      {
        "category": "Packages",
        "productCount": 29,
        "totalRevenue": 0
      },
      {
        "category": "Oil & Butter",
        "productCount": 1,
        "totalRevenue": 0
      },
      {
        "category": "Nuts",
        "productCount": 1,
        "totalRevenue": 0
      }
    ]
  },
  "products": [
    {
      "name": "Lunch Tray Subscription",
      "category": "Subscriptions",
      "productGroup": null,
      "barcode": null,
      "unitOfMeasure": "unit",
      "timesSold": 714,
      "totalQuantity": 12580,
      "totalRevenue": 305515.04,
      "avgUnitPrice": 22.961666666666666,
      "firstSaleDate": "2025-08-31T20:00:00.000Z",
      "lastSaleDate": "2026-01-11T20:00:00.000Z"
    },
    {
      "name": "Brk Manakish, Cheese 220 Gr",
      "category": "Breakfast",
      "productGroup": "Food Items",
      "barcode": "0123457138",
      "unitOfMeasure": "unit",
      "timesSold": 794,
      "totalQuantity": 29513,
      "totalRevenue": 291380.18,
      "avgUnitPrice": 9.194785894206548,
      "firstSaleDate": "2025-08-31T20:00:00.000Z",
      "lastSaleDate": "2026-01-11T20:00:00.000Z"
    },
    {
      "name": "Combo Tray Subscription",
      "category": "Subscriptions",
      "productGroup": null,
      "barcode": null,
      "unitOfMeasure": "unit",
      "timesSold": 565,
      "totalQuantity": 8278,
      "totalRevenue": 269782.82,
      "avgUnitPrice": 31.221433628318586,
      "firstSaleDate": "2025-08-31T20:00:00.000Z",
      "lastSaleDate": "2026-01-11T20:00:00.000Z"
    },
    {
      "name": "Pizza Marguerita, 23Cm",
      "category": "Pizza",
      "productGroup": "Food Items",
      "barcode": "0123460380",
      "unitOfMeasure": "unit",
      "timesSold": 730,
      "totalQuantity": 17580,
      "totalRevenue": 228795.52,
      "avgUnitPrice": 12.74127397260274,
      "firstSaleDate": "2025-08-31T20:00:00.000Z",
      "lastSaleDate": "2026-01-11T20:00:00.000Z"
    },
    {
      "name": "Water 500 CC",
      "category": "Beverages",
      "productGroup": null,
      "barcode": "0123461196",
      "unitOfMeasure": "unit",
      "timesSold": 852,
      "totalQuantity": 99560,
      "totalRevenue": 195644.51,
      "avgUnitPrice": 1.792300469483568,
      "firstSaleDate": "2025-08-31T20:00:00.000Z",
      "lastSaleDate": "2026-01-11T20:00:00.000Z"
    },
    {
      "name": "Ciabatta, Pizza Bread",
      "category": "Breakfast",
      "productGroup": "Food Items",
      "barcode": "0123457589",
      "unitOfMeasure": "unit",
      "timesSold": 620,
      "totalQuantity": 16699,
      "totalRevenue": 150232.54,
      "avgUnitPrice": 8.56816129032258,
      "firstSaleDate": "2025-08-31T20:00:00.000Z",
      "lastSaleDate": "2026-01-11T20:00:00.000Z"
    },
    {
      "name": "Special Event",
      "category": "Special Events",
      "productGroup": "Food Items",
      "barcode": null,
      "unitOfMeasure": "unit",
      "timesSold": 51,
      "totalQuantity": 2031,
      "totalRevenue": 138337.5,
      "avgUnitPrice": 66.56862745098039,
      "firstSaleDate": "2025-08-31T20:00:00.000Z",
      "lastSaleDate": "2025-10-31T20:00:00.000Z"
    },
    {
      "name": "Ciabatta, Garlic Bread",
      "category": "Breakfast",
      "productGroup": "Food Items",
      "barcode": "0123457587",
      "unitOfMeasure": "unit",
      "timesSold": 644,
      "totalQuantity": 15566,
      "totalRevenue": 108950.33,
      "avgUnitPrice": 6.669642857142857,
      "firstSaleDate": "2025-08-31T20:00:00.000Z",
      "lastSaleDate": "2026-01-11T20:00:00.000Z"
    },
    {
      "name": "Chicken Escalope Wrap",
      "category": "Sandwiches",
      "productGroup": "Food Items",
      "barcode": "0123457459",
      "unitOfMeasure": "unit",
      "timesSold": 627,
      "totalQuantity": 7554,
      "totalRevenue": 100461.32,
      "avgUnitPrice": 12.642966507177034,
      "firstSaleDate": "2025-08-31T20:00:00.000Z",
      "lastSaleDate": "2026-01-11T20:00:00.000Z"
    },
    {
      "name": "Sandwich Chicken Shawarma Arabic Bread",
      "category": "Sandwiches",
      "productGroup": "Food Items",
      "barcode": "0123460582",
      "unitOfMeasure": "unit",
      "timesSold": 654,
      "totalQuantity": 7083,
      "totalRevenue": 90935,
      "avgUnitPrice": 12.133914373088684,
      "firstSaleDate": "2025-08-31T20:00:00.000Z",
      "lastSaleDate": "2026-01-11T20:00:00.000Z"
    },
    {
      "name": "Chicken Strips Box",
      "category": "Hot Meals",
      "productGroup": "Food Items",
      "barcode": "0123457502",
      "unitOfMeasure": "Portion",
      "timesSold": 177,
      "totalQuantity": 5068,
      "totalRevenue": 86153.66,
      "avgUnitPrice": 16.19,
      "firstSaleDate": "2025-10-06T20:00:00.000Z",
      "lastSaleDate": "2026-01-11T20:00:00.000Z"
    },
    {
      "name": "Bev Cool 4 School Apple",
      "category": "Beverages",
      "productGroup": null,
      "barcode": null,
      "unitOfMeasure": "unit",
      "timesSold": 629,
      "totalQuantity": 30140,
      "totalRevenue": 86106.27,
      "avgUnitPrice": 2.0155643879173293,
      "firstSaleDate": "2025-08-31T20:00:00.000Z",
      "lastSaleDate": "2026-01-11T20:00:00.000Z"
    },
    {
      "name": "Bev, Lemonade, Fresh, 330 ml",
      "category": "Beverages",
      "productGroup": null,
      "barcode": "0123457068",
      "unitOfMeasure": "unit",
      "timesSold": 645,
      "totalQuantity": 11444,
      "totalRevenue": 80101.83,
      "avgUnitPrice": 6.664077519379845,
      "firstSaleDate": "2025-08-31T20:00:00.000Z",
      "lastSaleDate": "2026-01-11T20:00:00.000Z"
    },
    {
      "name": "SW Chocolate Brownies",
      "category": "Desserts",
      "productGroup": "Food Items",
      "barcode": "0123461017",
      "unitOfMeasure": "unit",
      "timesSold": 586,
      "totalQuantity": 13113,
      "totalRevenue": 78963.09,
      "avgUnitPrice": 5.67259385665529,
      "firstSaleDate": "2025-08-31T20:00:00.000Z",
      "lastSaleDate": "2026-01-11T20:00:00.000Z"
    },
    {
      "name": "Milkshake Chocolate 180 Ml",
      "category": "Beverages",
      "productGroup": null,
      "barcode": null,
      "unitOfMeasure": "unit",
      "timesSold": 616,
      "totalQuantity": 17816,
      "totalRevenue": 71245.18,
      "avgUnitPrice": 3.8038149350649353,
      "firstSaleDate": "2025-08-31T20:00:00.000Z",
      "lastSaleDate": "2026-01-11T20:00:00.000Z"
    },
    {
      "name": "Brk Croissant Cheese 90 Gr",
      "category": "Breakfast",
      "productGroup": "Food Items",
      "barcode": null,
      "unitOfMeasure": "unit",
      "timesSold": 607,
      "totalQuantity": 7112,
      "totalRevenue": 67940.65,
      "avgUnitPrice": 8.882668863261944,
      "firstSaleDate": "2025-08-31T20:00:00.000Z",
      "lastSaleDate": "2026-01-11T20:00:00.000Z"
    },
    {
      "name": "Sandwich Potato Samoon",
      "category": "Sandwiches",
      "productGroup": "Food Items",
      "barcode": "0123460586",
      "unitOfMeasure": "unit",
      "timesSold": 507,
      "totalQuantity": 5995,
      "totalRevenue": 65944.34,
      "avgUnitPrice": 10.48,
      "firstSaleDate": "2025-08-31T20:00:00.000Z",
      "lastSaleDate": "2026-01-11T20:00:00.000Z"
    },
    {
      "name": "Sal Chicken Caesar 250G",
      "category": "Salads",
      "productGroup": "Food Items",
      "barcode": "0123460509",
      "unitOfMeasure": "Portion",
      "timesSold": 595,
      "totalQuantity": 6765,
      "totalRevenue": 63662.62,
      "avgUnitPrice": 9.129613445378151,
      "firstSaleDate": "2025-08-31T20:00:00.000Z",
      "lastSaleDate": "2026-01-11T20:00:00.000Z"
    },
    {
      "name": "Price Per Person",
      "category": "Special Events",
      "productGroup": "Food Items",
      "barcode": null,
      "unitOfMeasure": "unit",
      "timesSold": 18,
      "totalQuantity": 1646,
      "totalRevenue": 58085.13,
      "avgUnitPrice": 33.867777777777775,
      "firstSaleDate": "2025-09-21T20:00:00.000Z",
      "lastSaleDate": "2026-01-09T20:00:00.000Z"
    },
    {
      "name": "Milkshake Strawberry 180 Ml",
      "category": "Beverages",
      "productGroup": null,
      "barcode": null,
      "unitOfMeasure": "unit",
      "timesSold": 704,
      "totalQuantity": 14118,
      "totalRevenue": 56275.45,
      "avgUnitPrice": 3.7829403409090907,
      "firstSaleDate": "2025-08-31T20:00:00.000Z",
      "lastSaleDate": "2026-01-11T20:00:00.000Z"
    },
    {
      "name": "Lazy Cake Unit",
      "category": "Desserts",
      "productGroup": "Food Items",
      "barcode": "0123459685",
      "unitOfMeasure": "unit",
      "timesSold": 537,
      "totalQuantity": 7823,
      "totalRevenue": 54767.44,
      "avgUnitPrice": 6.681024208566108,
      "firstSaleDate": "2025-08-31T20:00:00.000Z",
      "lastSaleDate": "2026-01-11T20:00:00.000Z"
    },
    {
      "name": "Brk Croissant Chocolate 90 Gr",
      "category": "Breakfast",
      "productGroup": "Food Items",
      "barcode": "0123457128",
      "unitOfMeasure": "unit",
      "timesSold": 402,
      "totalQuantity": 5253,
      "totalRevenue": 47345.35,
      "avgUnitPrice": 8.593208955223881,
      "firstSaleDate": "2025-08-31T20:00:00.000Z",
      "lastSaleDate": "2026-01-11T20:00:00.000Z"
    },
    {
      "name": "Brk Cinnamon Swirl 85g",
      "category": "Breakfast",
      "productGroup": "Food Items",
      "barcode": null,
      "unitOfMeasure": "unit",
      "timesSold": 332,
      "totalQuantity": 4698,
      "totalRevenue": 46510.6,
      "avgUnitPrice": 9.433975903614458,
      "firstSaleDate": "2025-09-10T20:00:00.000Z",
      "lastSaleDate": "2026-01-11T20:00:00.000Z"
    },
    {
      "name": "Pizza Veggie 60 gr",
      "category": "Breakfast",
      "productGroup": "Food Items",
      "barcode": "0123460382",
      "unitOfMeasure": "unit",
      "timesSold": 176,
      "totalQuantity": 8157,
      "totalRevenue": 45171.22,
      "avgUnitPrice": 5.5172727272727276,
      "firstSaleDate": "2025-08-31T20:00:00.000Z",
      "lastSaleDate": "2026-01-11T20:00:00.000Z"
    },
    {
      "name": "Ciabatta Cheesy Chicken Shawarma",
      "category": "Sandwiches",
      "productGroup": "Food Items",
      "barcode": "0123457582",
      "unitOfMeasure": "unit",
      "timesSold": 344,
      "totalQuantity": 3973,
      "totalRevenue": 43702.85,
      "avgUnitPrice": 10.48,
      "firstSaleDate": "2025-08-31T20:00:00.000Z",
      "lastSaleDate": "2026-01-11T20:00:00.000Z"
    },
    {
      "name": "Cornflakes Cup",
      "category": "Breakfast",
      "productGroup": "Food Items",
      "barcode": "0123457627",
      "unitOfMeasure": "unit",
      "timesSold": 573,
      "totalQuantity": 7050,
      "totalRevenue": 41867.63,
      "avgUnitPrice": 5.643595113438045,
      "firstSaleDate": "2025-08-31T20:00:00.000Z",
      "lastSaleDate": "2026-01-11T20:00:00.000Z"
    },
    {
      "name": "Sw, Fruit Cup, 275Gr",
      "category": "Desserts",
      "productGroup": "Food Items",
      "barcode": "0123461062",
      "unitOfMeasure": "unit",
      "timesSold": 594,
      "totalQuantity": 4170,
      "totalRevenue": 41640.03,
      "avgUnitPrice": 9.471919191919191,
      "firstSaleDate": "2025-08-31T20:00:00.000Z",
      "lastSaleDate": "2026-01-11T20:00:00.000Z"
    },
    {
      "name": "Bev Cool 4 School Apple Mango",
      "category": "Beverages",
      "productGroup": null,
      "barcode": null,
      "unitOfMeasure": "unit",
      "timesSold": 647,
      "totalQuantity": 13962,
      "totalRevenue": 37825.43,
      "avgUnitPrice": 2.685085007727975,
      "firstSaleDate": "2025-08-31T20:00:00.000Z",
      "lastSaleDate": "2026-01-11T20:00:00.000Z"
    },
    {
      "name": "Brk Croissant Plain 90 Gr",
      "category": "Breakfast",
      "productGroup": "Food Items",
      "barcode": "0123457130",
      "unitOfMeasure": "unit",
      "timesSold": 491,
      "totalQuantity": 3795,
      "totalRevenue": 34323.17,
      "avgUnitPrice": 8.740040733197556,
      "firstSaleDate": "2025-08-31T20:00:00.000Z",
      "lastSaleDate": "2026-01-11T20:00:00.000Z"
    },
    {
      "name": "Sandwich BBQ Madness",
      "category": "Sandwiches",
      "productGroup": "Food Items",
      "barcode": "0123456969",
      "unitOfMeasure": "unit",
      "timesSold": 336,
      "totalQuantity": 2494,
      "totalRevenue": 34207.72,
      "avgUnitPrice": 13.075535714285714,
      "firstSaleDate": "2025-08-31T20:00:00.000Z",
      "lastSaleDate": "2026-01-11T20:00:00.000Z"
    },
    {
      "name": "Donuts 60 gr dark chocolate",
      "category": "Desserts",
      "productGroup": "Food Items",
      "barcode": null,
      "unitOfMeasure": "unit",
      "timesSold": 247,
      "totalQuantity": 4792,
      "totalRevenue": 33012.39,
      "avgUnitPrice": 6.653076923076923,
      "firstSaleDate": "2025-08-31T20:00:00.000Z",
      "lastSaleDate": "2026-01-11T20:00:00.000Z"
    },
    {
      "name": "Hm Pasta Spaghetti Bolognese",
      "category": "Hot Meals",
      "productGroup": "Food Items",
      "barcode": "0123459544",
      "unitOfMeasure": "Portion",
      "timesSold": 197,
      "totalQuantity": 2126,
      "totalRevenue": 32883.14,
      "avgUnitPrice": 14.31507614213198,
      "firstSaleDate": "2025-09-01T20:00:00.000Z",
      "lastSaleDate": "2026-01-07T20:00:00.000Z"
    },
    {
      "name": "Hm Pasta Penne Arabiata",
      "category": "Hot Meals",
      "productGroup": "Food Items",
      "barcode": "0123459540",
      "unitOfMeasure": "Portion",
      "timesSold": 195,
      "totalQuantity": 2148,
      "totalRevenue": 32536.51,
      "avgUnitPrice": 15.034358974358975,
      "firstSaleDate": "2025-08-31T20:00:00.000Z",
      "lastSaleDate": "2026-01-11T20:00:00.000Z"
    },
    {
      "name": "Beef Burritos Wrap",
      "category": "Sandwiches",
      "productGroup": "Food Items",
      "barcode": "0123456985",
      "unitOfMeasure": "unit",
      "timesSold": 304,
      "totalQuantity": 2220,
      "totalRevenue": 30925.58,
      "avgUnitPrice": 13.2425,
      "firstSaleDate": "2025-08-31T20:00:00.000Z",
      "lastSaleDate": "2026-01-11T20:00:00.000Z"
    },
    {
      "name": "Combo Tray Subscription",
      "category": "Subscriptions",
      "productGroup": null,
      "barcode": null,
      "unitOfMeasure": "Portion",
      "timesSold": 60,
      "totalQuantity": 949,
      "totalRevenue": 30201.85,
      "avgUnitPrice": 31.4635,
      "firstSaleDate": "2025-11-02T20:00:00.000Z",
      "lastSaleDate": "2026-01-11T20:00:00.000Z"
    },
    {
      "name": "Hm Maccaroni & Cheese",
      "category": "Hot Meals",
      "productGroup": "Food Items",
      "barcode": "0123459522",
      "unitOfMeasure": "Portion",
      "timesSold": 169,
      "totalQuantity": 1867,
      "totalRevenue": 29945.34,
      "avgUnitPrice": 15.520828402366863,
      "firstSaleDate": "2025-09-01T20:00:00.000Z",
      "lastSaleDate": "2026-01-07T20:00:00.000Z"
    },
    {
      "name": "Sal Vine Leaves 6 PCS",
      "category": "Appetizers",
      "productGroup": "Food Items",
      "barcode": "0123460540",
      "unitOfMeasure": "Portion",
      "timesSold": 375,
      "totalQuantity": 2969,
      "totalRevenue": 29690.01,
      "avgUnitPrice": 9.52,
      "firstSaleDate": "2025-08-31T20:00:00.000Z",
      "lastSaleDate": "2026-01-11T20:00:00.000Z"
    },
    {
      "name": "Donuts 60 gr Strawberry White Chocolate",
      "category": "Desserts",
      "productGroup": "Food Items",
      "barcode": null,
      "unitOfMeasure": "unit",
      "timesSold": 202,
      "totalQuantity": 4026,
      "totalRevenue": 27582.7,
      "avgUnitPrice": 6.577722772277228,
      "firstSaleDate": "2025-08-31T20:00:00.000Z",
      "lastSaleDate": "2026-01-11T20:00:00.000Z"
    },
    {
      "name": "Sandwich Chicken Burger Bun",
      "category": "Burgers",
      "productGroup": "Food Items",
      "barcode": "0123460577",
      "unitOfMeasure": "unit",
      "timesSold": 309,
      "totalQuantity": 2116,
      "totalRevenue": 27508,
      "avgUnitPrice": 12.38,
      "firstSaleDate": "2025-08-31T20:00:00.000Z",
      "lastSaleDate": "2026-01-11T20:00:00.000Z"
    },
    {
      "name": "SW, Cookie, White, Medium 60Gr",
      "category": "Desserts",
      "productGroup": "Food Items",
      "barcode": "0123461061",
      "unitOfMeasure": "unit",
      "timesSold": 605,
      "totalQuantity": 5775,
      "totalRevenue": 26842.84,
      "avgUnitPrice": 4.536446280991735,
      "firstSaleDate": "2025-08-31T20:00:00.000Z",
      "lastSaleDate": "2026-01-11T20:00:00.000Z"
    },
    {
      "name": "Bev Cool 4 School Apple Strawberry",
      "category": "Beverages",
      "productGroup": null,
      "barcode": null,
      "unitOfMeasure": "unit",
      "timesSold": 498,
      "totalQuantity": 55213,
      "totalRevenue": 26811.99,
      "avgUnitPrice": 2.696586345381526,
      "firstSaleDate": "2025-08-31T20:00:00.000Z",
      "lastSaleDate": "2026-01-11T20:00:00.000Z"
    },
    {
      "name": "Water 330 CC",
      "category": "Beverages",
      "productGroup": null,
      "barcode": null,
      "unitOfMeasure": "unit",
      "timesSold": 950,
      "totalQuantity": 46528,
      "totalRevenue": 26330.49,
      "avgUnitPrice": 0.2390421052631579,
      "firstSaleDate": "2025-08-31T20:00:00.000Z",
      "lastSaleDate": "2026-01-11T20:00:00.000Z"
    },
    {
      "name": "Pizza BBQ Chicken 23Cm",
      "category": "Pizza",
      "productGroup": "Food Items",
      "barcode": "0123460378",
      "unitOfMeasure": "unit",
      "timesSold": 103,
      "totalQuantity": 1624,
      "totalRevenue": 24966.29,
      "avgUnitPrice": 14.732718446601941,
      "firstSaleDate": "2025-09-01T20:00:00.000Z",
      "lastSaleDate": "2026-01-11T20:00:00.000Z"
    },
    {
      "name": "Milk 180Ml",
      "category": "Beverages",
      "productGroup": null,
      "barcode": null,
      "unitOfMeasure": "unit",
      "timesSold": 645,
      "totalQuantity": 7343,
      "totalRevenue": 23610.96,
      "avgUnitPrice": 3.2488372093023257,
      "firstSaleDate": "2025-08-31T20:00:00.000Z",
      "lastSaleDate": "2026-01-11T20:00:00.000Z"
    },
    {
      "name": "Hm Pasta Lasagne Bolognese",
      "category": "Hot Meals",
      "productGroup": "Food Items",
      "barcode": "0123459538",
      "unitOfMeasure": "Portion",
      "timesSold": 101,
      "totalQuantity": 1190,
      "totalRevenue": 22579.54,
      "avgUnitPrice": 16.692970297029703,
      "firstSaleDate": "2025-09-01T20:00:00.000Z",
      "lastSaleDate": "2026-01-07T20:00:00.000Z"
    },
    {
      "name": "Sw Muffin Chocolate 80 gr",
      "category": "Desserts",
      "productGroup": "Food Items",
      "barcode": null,
      "unitOfMeasure": "unit",
      "timesSold": 340,
      "totalQuantity": 4269,
      "totalRevenue": 21257.01,
      "avgUnitPrice": 4.759735294117647,
      "firstSaleDate": "2025-09-02T20:00:00.000Z",
      "lastSaleDate": "2026-01-11T20:00:00.000Z"
    },
    {
      "name": "Brk Croissant Zaatar 90 Gr",
      "category": "Breakfast",
      "productGroup": "Food Items",
      "barcode": "0123457133",
      "unitOfMeasure": "unit",
      "timesSold": 386,
      "totalQuantity": 2301,
      "totalRevenue": 20295.7,
      "avgUnitPrice": 8.724740932642487,
      "firstSaleDate": "2025-08-31T20:00:00.000Z",
      "lastSaleDate": "2026-01-11T20:00:00.000Z"
    },
    {
      "name": "Side Steamed White Rice",
      "category": "Hot Meals",
      "productGroup": "Food Items",
      "barcode": "0123460795",
      "unitOfMeasure": "Portion",
      "timesSold": 432,
      "totalQuantity": 3610,
      "totalRevenue": 19893.74,
      "avgUnitPrice": 4.917175925925926,
      "firstSaleDate": "2025-08-31T20:00:00.000Z",
      "lastSaleDate": "2026-01-11T20:00:00.000Z"
    },
    {
      "name": "Bev, Laban Up",
      "category": "Beverages",
      "productGroup": null,
      "barcode": null,
      "unitOfMeasure": "unit",
      "timesSold": 622,
      "totalQuantity": 6464,
      "totalRevenue": 19250.97,
      "avgUnitPrice": 2.8232154340836013,
      "firstSaleDate": "2025-08-31T20:00:00.000Z",
      "lastSaleDate": "2026-01-11T20:00:00.000Z"
    },
    {
      "name": "Brk Manakish, Zaatar 180 Gr",
      "category": "Breakfast",
      "productGroup": "Food Items",
      "barcode": "0123457140",
      "unitOfMeasure": "unit",
      "timesSold": 476,
      "totalQuantity": 2864,
      "totalRevenue": 19044.25,
      "avgUnitPrice": 6.470105042016807,
      "firstSaleDate": "2025-08-31T20:00:00.000Z",
      "lastSaleDate": "2026-01-11T20:00:00.000Z"
    },
    {
      "name": "Bev Cool 4 School Tropical",
      "category": "Beverages",
      "productGroup": null,
      "barcode": null,
      "unitOfMeasure": "unit",
      "timesSold": 496,
      "totalQuantity": 6886,
      "totalRevenue": 18483.67,
      "avgUnitPrice": 2.6210483870967742,
      "firstSaleDate": "2025-08-31T20:00:00.000Z",
      "lastSaleDate": "2026-01-11T20:00:00.000Z"
    },
    {
      "name": "Sandwich Fajitas Samoon",
      "category": "Sandwiches",
      "productGroup": "Food Items",
      "barcode": "0123457742",
      "unitOfMeasure": "unit",
      "timesSold": 211,
      "totalQuantity": 1345,
      "totalRevenue": 18455.85,
      "avgUnitPrice": 12.969668246445497,
      "firstSaleDate": "2025-08-31T20:00:00.000Z",
      "lastSaleDate": "2026-01-11T20:00:00.000Z"
    },
    {
      "name": "Hm Pasta Alfredo Chicken",
      "category": "Hot Meals",
      "productGroup": "Food Items",
      "barcode": "0123459534",
      "unitOfMeasure": "Portion",
      "timesSold": 100,
      "totalQuantity": 1040,
      "totalRevenue": 16026.7,
      "avgUnitPrice": 14.0489,
      "firstSaleDate": "2025-08-31T20:00:00.000Z",
      "lastSaleDate": "2026-01-11T20:00:00.000Z"
    },
    {
      "name": "Lunch per person",
      "category": "Subscriptions",
      "productGroup": null,
      "barcode": null,
      "unitOfMeasure": "unit",
      "timesSold": 36,
      "totalQuantity": 579,
      "totalRevenue": 15882.14,
      "avgUnitPrice": 21.772222222222222,
      "firstSaleDate": "2025-08-31T20:00:00.000Z",
      "lastSaleDate": "2025-10-22T20:00:00.000Z"
    },
    {
      "name": "Sw Muffin Chocolate",
      "category": "Desserts",
      "productGroup": "Food Items",
      "barcode": "0123461041",
      "unitOfMeasure": "unit",
      "timesSold": 201,
      "totalQuantity": 2466,
      "totalRevenue": 14675.54,
      "avgUnitPrice": 5.681592039800995,
      "firstSaleDate": "2025-08-31T20:00:00.000Z",
      "lastSaleDate": "2025-11-07T20:00:00.000Z"
    },
    {
      "name": "Oven Baked Broasted Chicken by Pc",
      "category": "Hot Meals",
      "productGroup": "Food Items",
      "barcode": null,
      "unitOfMeasure": "Portion",
      "timesSold": 122,
      "totalQuantity": 1439,
      "totalRevenue": 14390.06,
      "avgUnitPrice": 9.52,
      "firstSaleDate": "2025-09-02T20:00:00.000Z",
      "lastSaleDate": "2026-01-11T20:00:00.000Z"
    },
    {
      "name": "Bev Juice Apple 200 ML",
      "category": "Beverages",
      "productGroup": null,
      "barcode": null,
      "unitOfMeasure": "unit",
      "timesSold": 166,
      "totalQuantity": 4419,
      "totalRevenue": 13782.62,
      "avgUnitPrice": 2.7440361445783132,
      "firstSaleDate": "2025-08-31T20:00:00.000Z",
      "lastSaleDate": "2026-01-11T20:00:00.000Z"
    },
    {
      "name": "Brk Pizza 150 gr",
      "category": "Breakfast",
      "productGroup": "Food Items",
      "barcode": "0123457141",
      "unitOfMeasure": "unit",
      "timesSold": 40,
      "totalQuantity": 1329,
      "totalRevenue": 13288.89,
      "avgUnitPrice": 9.52,
      "firstSaleDate": "2025-08-31T20:00:00.000Z",
      "lastSaleDate": "2025-11-12T20:00:00.000Z"
    },
    {
      "name": "Hm Butter Chicken",
      "category": "Hot Meals",
      "productGroup": "Food Items",
      "barcode": "0123459417",
      "unitOfMeasure": "Portion",
      "timesSold": 105,
      "totalQuantity": 903,
      "totalRevenue": 13200.01,
      "avgUnitPrice": 14.040380952380952,
      "firstSaleDate": "2025-08-31T20:00:00.000Z",
      "lastSaleDate": "2026-01-11T20:00:00.000Z"
    },
    {
      "name": "Breakfast Tray Subscription",
      "category": "Subscriptions",
      "productGroup": null,
      "barcode": null,
      "unitOfMeasure": "unit",
      "timesSold": 313,
      "totalQuantity": 1065,
      "totalRevenue": 13021.39,
      "avgUnitPrice": 11.846421725239617,
      "firstSaleDate": "2025-08-31T20:00:00.000Z",
      "lastSaleDate": "2026-01-11T20:00:00.000Z"
    },
    {
      "name": "Combo Subscription",
      "category": "Subscriptions",
      "productGroup": null,
      "barcode": null,
      "unitOfMeasure": "Portion",
      "timesSold": 45,
      "totalQuantity": 416,
      "totalRevenue": 12296.86,
      "avgUnitPrice": 28.190666666666665,
      "firstSaleDate": "2025-09-01T20:00:00.000Z",
      "lastSaleDate": "2025-10-22T20:00:00.000Z"
    },
    {
      "name": "Sw Muffins White",
      "category": "Desserts",
      "productGroup": "Food Items",
      "barcode": "0123461043",
      "unitOfMeasure": "unit",
      "timesSold": 273,
      "totalQuantity": 2171,
      "totalRevenue": 11863.84,
      "avgUnitPrice": 5.584652014652015,
      "firstSaleDate": "2025-08-31T20:00:00.000Z",
      "lastSaleDate": "2025-11-16T20:00:00.000Z"
    },
    {
      "name": "Hm Chicken Biryani",
      "category": "Hot Meals",
      "productGroup": "Food Items",
      "barcode": "0123459424",
      "unitOfMeasure": "Portion",
      "timesSold": 113,
      "totalQuantity": 841,
      "totalRevenue": 11609.76,
      "avgUnitPrice": 14.108849557522124,
      "firstSaleDate": "2025-08-31T20:00:00.000Z",
      "lastSaleDate": "2026-01-07T20:00:00.000Z"
    },
    {
      "name": "Sw Muffins White 80 gr",
      "category": "Desserts",
      "productGroup": "Food Items",
      "barcode": null,
      "unitOfMeasure": "unit",
      "timesSold": 307,
      "totalQuantity": 2229,
      "totalRevenue": 10935.23,
      "avgUnitPrice": 4.744495114006515,
      "firstSaleDate": "2025-09-02T20:00:00.000Z",
      "lastSaleDate": "2026-01-11T20:00:00.000Z"
    },
    {
      "name": "Sal Hummus 200G",
      "category": "Mezza",
      "productGroup": "Food Items",
      "barcode": "0123460521",
      "unitOfMeasure": "Portion",
      "timesSold": 339,
      "totalQuantity": 1360,
      "totalRevenue": 10906,
      "avgUnitPrice": 7.68165191740413,
      "firstSaleDate": "2025-08-31T20:00:00.000Z",
      "lastSaleDate": "2026-01-11T20:00:00.000Z"
    },
    {
      "name": "Hm Oriental Chicken with Rice",
      "category": "Hot Meals",
      "productGroup": "Food Items",
      "barcode": "0123459529",
      "unitOfMeasure": "Portion",
      "timesSold": 44,
      "totalQuantity": 678,
      "totalRevenue": 10673.02,
      "avgUnitPrice": 14.870454545454546,
      "firstSaleDate": "2025-09-17T20:00:00.000Z",
      "lastSaleDate": "2026-01-04T20:00:00.000Z"
    },
    {
      "name": "Hm Chicken Burger with Potato Wedges",
      "category": "Hot Meals",
      "productGroup": "Food Items",
      "barcode": "0123459427",
      "unitOfMeasure": "Portion",
      "timesSold": 49,
      "totalQuantity": 603,
      "totalRevenue": 10519.12,
      "avgUnitPrice": 16.969795918367346,
      "firstSaleDate": "2025-09-16T20:00:00.000Z",
      "lastSaleDate": "2026-01-07T20:00:00.000Z"
    },
    {
      "name": "Fruit Yogurt 125 Gm",
      "category": "Beverages",
      "productGroup": null,
      "barcode": null,
      "unitOfMeasure": "unit",
      "timesSold": 265,
      "totalQuantity": 2154,
      "totalRevenue": 10445,
      "avgUnitPrice": 4.562415094339623,
      "firstSaleDate": "2025-08-31T20:00:00.000Z",
      "lastSaleDate": "2026-01-11T20:00:00.000Z"
    },
    {
      "name": "Sandwich Cheese Burger Bun",
      "category": "Burgers",
      "productGroup": "Food Items",
      "barcode": "0123460574",
      "unitOfMeasure": "unit",
      "timesSold": 152,
      "totalQuantity": 665,
      "totalRevenue": 9975.02,
      "avgUnitPrice": 14.29,
      "firstSaleDate": "2025-09-01T20:00:00.000Z",
      "lastSaleDate": "2026-01-11T20:00:00.000Z"
    },
    {
      "name": "Hm Beef Burger With Potato Wedges Platter",
      "category": "Hot Meals",
      "productGroup": "Food Items",
      "barcode": "0123459386",
      "unitOfMeasure": "Portion",
      "timesSold": 39,
      "totalQuantity": 506,
      "totalRevenue": 9319.05,
      "avgUnitPrice": 18.55923076923077,
      "firstSaleDate": "2025-09-07T20:00:00.000Z",
      "lastSaleDate": "2026-01-07T20:00:00.000Z"
    },
    {
      "name": "Hm Chicken with Brown Rice",
      "category": "Hot Meals",
      "productGroup": "Food Items",
      "barcode": null,
      "unitOfMeasure": "Portion",
      "timesSold": 10,
      "totalQuantity": 449,
      "totalRevenue": 9085.84,
      "avgUnitPrice": 14.665,
      "firstSaleDate": "2025-11-05T20:00:00.000Z",
      "lastSaleDate": "2026-01-11T20:00:00.000Z"
    },
    {
      "name": "Hm Pasta Alfredo",
      "category": "Hot Meals",
      "productGroup": "Food Items",
      "barcode": "0123459533",
      "unitOfMeasure": "Portion",
      "timesSold": 53,
      "totalQuantity": 655,
      "totalRevenue": 8909.86,
      "avgUnitPrice": 15.005471698113208,
      "firstSaleDate": "2025-09-03T20:00:00.000Z",
      "lastSaleDate": "2026-01-11T20:00:00.000Z"
    },
    {
      "name": "Sal Sweet Corn 250G",
      "category": "Salads",
      "productGroup": "Food Items",
      "barcode": "0123460536",
      "unitOfMeasure": "Portion",
      "timesSold": 233,
      "totalQuantity": 838,
      "totalRevenue": 8379.91,
      "avgUnitPrice": 9.52,
      "firstSaleDate": "2025-08-31T20:00:00.000Z",
      "lastSaleDate": "2026-01-11T20:00:00.000Z"
    },
    {
      "name": "Manakish Cheese & Zaatar",
      "category": "Breakfast",
      "productGroup": "Food Items",
      "barcode": "0123459738",
      "unitOfMeasure": "unit",
      "timesSold": 137,
      "totalQuantity": 791,
      "totalRevenue": 7909.47,
      "avgUnitPrice": 9.52,
      "firstSaleDate": "2025-08-31T20:00:00.000Z",
      "lastSaleDate": "2026-01-11T20:00:00.000Z"
    },
    {
      "name": "SW English Cake White",
      "category": "Desserts",
      "productGroup": "Food Items",
      "barcode": "0123461034",
      "unitOfMeasure": "unit",
      "timesSold": 319,
      "totalQuantity": 1386,
      "totalRevenue": 7853.99,
      "avgUnitPrice": 5.495203761755486,
      "firstSaleDate": "2025-08-31T20:00:00.000Z",
      "lastSaleDate": "2026-01-11T20:00:00.000Z"
    },
    {
      "name": "Hm Creamy Pesto Pasta",
      "category": "Hot Meals",
      "productGroup": "Food Items",
      "barcode": "0123459481",
      "unitOfMeasure": "Portion",
      "timesSold": 58,
      "totalQuantity": 449,
      "totalRevenue": 7394.9,
      "avgUnitPrice": 15.567586206896552,
      "firstSaleDate": "2025-08-31T20:00:00.000Z",
      "lastSaleDate": "2025-12-03T20:00:00.000Z"
    },
    {
      "name": "Oven Baked Broasted Chicken Platter",
      "category": "Hot Meals",
      "productGroup": "Food Items",
      "barcode": null,
      "unitOfMeasure": "Portion",
      "timesSold": 57,
      "totalQuantity": 362,
      "totalRevenue": 7240.01,
      "avgUnitPrice": 19.05,
      "firstSaleDate": "2025-09-01T20:00:00.000Z",
      "lastSaleDate": "2026-01-11T20:00:00.000Z"
    },
    {
      "name": "Sal Tabbouleh 250G",
      "category": "Salads",
      "productGroup": "Food Items",
      "barcode": "0123460537",
      "unitOfMeasure": "Portion",
      "timesSold": 151,
      "totalQuantity": 697,
      "totalRevenue": 6970,
      "avgUnitPrice": 9.52,
      "firstSaleDate": "2025-08-31T20:00:00.000Z",
      "lastSaleDate": "2026-01-11T20:00:00.000Z"
    },
    {
      "name": "Chicken Cordon Bleu Platter",
      "category": "OBB",
      "productGroup": null,
      "barcode": "0123457443",
      "unitOfMeasure": "Portion",
      "timesSold": 53,
      "totalQuantity": 292,
      "totalRevenue": 6774.02,
      "avgUnitPrice": 20.879811320754715,
      "firstSaleDate": "2025-09-07T20:00:00.000Z",
      "lastSaleDate": "2025-12-04T20:00:00.000Z"
    },
    {
      "name": "Bev, Orange Juice, Fresh, 275Gr",
      "category": "Beverages",
      "productGroup": null,
      "barcode": "0123457069",
      "unitOfMeasure": "unit",
      "timesSold": 126,
      "totalQuantity": 657,
      "totalRevenue": 6629.86,
      "avgUnitPrice": 9.622619047619047,
      "firstSaleDate": "2025-08-31T20:00:00.000Z",
      "lastSaleDate": "2026-01-11T20:00:00.000Z"
    },
    {
      "name": "Pop Corn",
      "category": "Appetizers",
      "productGroup": "Food Items",
      "barcode": "0123460390",
      "unitOfMeasure": "unit",
      "timesSold": 67,
      "totalQuantity": 1253,
      "totalRevenue": 6445.04,
      "avgUnitPrice": 4.617910447761194,
      "firstSaleDate": "2025-08-31T20:00:00.000Z",
      "lastSaleDate": "2025-12-02T20:00:00.000Z"
    },
    {
      "name": "Sal Fattouch 250G",
      "category": "Salads",
      "productGroup": "Food Items",
      "barcode": "0123460516",
      "unitOfMeasure": "Portion",
      "timesSold": 316,
      "totalQuantity": 767,
      "totalRevenue": 6425.99,
      "avgUnitPrice": 8.971708860759493,
      "firstSaleDate": "2025-08-31T20:00:00.000Z",
      "lastSaleDate": "2026-01-11T20:00:00.000Z"
    },
    {
      "name": "Hm Grounded Beef Tacos",
      "category": "Hot Meals",
      "productGroup": "Food Items",
      "barcode": "0123459515",
      "unitOfMeasure": "Portion",
      "timesSold": 30,
      "totalQuantity": 299,
      "totalRevenue": 6301.95,
      "avgUnitPrice": 19.967333333333332,
      "firstSaleDate": "2025-09-16T20:00:00.000Z",
      "lastSaleDate": "2026-01-11T20:00:00.000Z"
    },
    {
      "name": "Half Board 4 Days (L/D)",
      "category": "Subscriptions",
      "productGroup": null,
      "barcode": null,
      "unitOfMeasure": "unit",
      "timesSold": 13,
      "totalQuantity": 20,
      "totalRevenue": 5702.32,
      "avgUnitPrice": 271.5576923076923,
      "firstSaleDate": "2025-10-21T20:00:00.000Z",
      "lastSaleDate": "2025-10-21T20:00:00.000Z"
    },
    {
      "name": "Subscription Tray Combo",
      "category": "Subscriptions",
      "productGroup": null,
      "barcode": null,
      "unitOfMeasure": "unit",
      "timesSold": 10,
      "totalQuantity": 180,
      "totalRevenue": 5393.09,
      "avgUnitPrice": 28.172,
      "firstSaleDate": "2025-08-31T20:00:00.000Z",
      "lastSaleDate": "2025-12-02T20:00:00.000Z"
    },
    {
      "name": "Side Potato Wedges",
      "category": "Hot Meals",
      "productGroup": "Food Items",
      "barcode": "0123460791",
      "unitOfMeasure": "Portion",
      "timesSold": 111,
      "totalQuantity": 834,
      "totalRevenue": 5257.97,
      "avgUnitPrice": 5.590990990990991,
      "firstSaleDate": "2025-08-31T20:00:00.000Z",
      "lastSaleDate": "2026-01-11T20:00:00.000Z"
    },
    {
      "name": "Hm Rice White",
      "category": "Hot Meals",
      "productGroup": "Food Items",
      "barcode": "0123459560",
      "unitOfMeasure": "Portion",
      "timesSold": 65,
      "totalQuantity": 690,
      "totalRevenue": 5096,
      "avgUnitPrice": 7.385538461538461,
      "firstSaleDate": "2025-08-31T20:00:00.000Z",
      "lastSaleDate": "2026-01-07T20:00:00.000Z"
    },
    {
      "name": "Lebanese Coffee",
      "category": "Beverages",
      "productGroup": null,
      "barcode": "0123459686",
      "unitOfMeasure": "unit",
      "timesSold": 50,
      "totalQuantity": 986,
      "totalRevenue": 4930.03,
      "avgUnitPrice": 4.76,
      "firstSaleDate": "2025-09-01T20:00:00.000Z",
      "lastSaleDate": "2025-11-23T20:00:00.000Z"
    },
    {
      "name": "Sal Sweet Corn 100 Gr",
      "category": "Salads",
      "productGroup": "Food Items",
      "barcode": "0123460535",
      "unitOfMeasure": "Portion",
      "timesSold": 52,
      "totalQuantity": 947,
      "totalRevenue": 4834.57,
      "avgUnitPrice": 5.6753846153846155,
      "firstSaleDate": "2025-08-31T20:00:00.000Z",
      "lastSaleDate": "2026-01-11T20:00:00.000Z"
    },
    {
      "name": "Hm Chicken Fajitas Wrap",
      "category": "Hot Meals",
      "productGroup": "Food Items",
      "barcode": "0123459436",
      "unitOfMeasure": "Portion",
      "timesSold": 44,
      "totalQuantity": 285,
      "totalRevenue": 4789.36,
      "avgUnitPrice": 15.723181818181818,
      "firstSaleDate": "2025-09-08T20:00:00.000Z",
      "lastSaleDate": "2025-11-26T20:00:00.000Z"
    },
    {
      "name": "Hm Creamy Mushroom Pasta",
      "category": "Hot Meals",
      "productGroup": "Food Items",
      "barcode": null,
      "unitOfMeasure": "Portion",
      "timesSold": 36,
      "totalQuantity": 287,
      "totalRevenue": 4712.93,
      "avgUnitPrice": 15.556666666666667,
      "firstSaleDate": "2025-09-07T20:00:00.000Z",
      "lastSaleDate": "2025-11-18T20:00:00.000Z"
    },
    {
      "name": "Chicken Shawarma Marinated Cooked Schools",
      "category": "Compound Sub- Recipe",
      "productGroup": "Food Items",
      "barcode": "0123457523",
      "unitOfMeasure": "KG",
      "timesSold": 13,
      "totalQuantity": 111.3,
      "totalRevenue": 4674.6,
      "avgUnitPrice": 40,
      "firstSaleDate": "2025-08-31T20:00:00.000Z",
      "lastSaleDate": "2026-01-11T20:00:00.000Z"
    },
    {
      "name": "Sal Pasta Pesto 250G",
      "category": "Salads",
      "productGroup": "Food Items",
      "barcode": "0123460526",
      "unitOfMeasure": "Portion",
      "timesSold": 126,
      "totalQuantity": 464,
      "totalRevenue": 4640,
      "avgUnitPrice": 9.52,
      "firstSaleDate": "2025-08-31T20:00:00.000Z",
      "lastSaleDate": "2026-01-11T20:00:00.000Z"
    },
    {
      "name": "Waffle",
      "category": "Desserts",
      "productGroup": "Food Items",
      "barcode": "0123461190",
      "unitOfMeasure": "unit",
      "timesSold": 121,
      "totalQuantity": 1058,
      "totalRevenue": 4616.59,
      "avgUnitPrice": 4.628181818181818,
      "firstSaleDate": "2025-08-31T20:00:00.000Z",
      "lastSaleDate": "2026-01-07T20:00:00.000Z"
    },
    {
      "name": "Hm Cheesy Pasta Tri - Colored Fusilli",
      "category": "Hot Meals",
      "productGroup": "Food Items",
      "barcode": null,
      "unitOfMeasure": "Portion",
      "timesSold": 35,
      "totalQuantity": 286,
      "totalRevenue": 4605.93,
      "avgUnitPrice": 14.913142857142857,
      "firstSaleDate": "2025-09-10T20:00:00.000Z",
      "lastSaleDate": "2025-12-03T20:00:00.000Z"
    },
    {
      "name": "Sandwich Chicken Pesto",
      "category": "Sandwiches",
      "productGroup": "Food Items",
      "barcode": null,
      "unitOfMeasure": "unit",
      "timesSold": 147,
      "totalQuantity": 379,
      "totalRevenue": 4551,
      "avgUnitPrice": 11.436462585034013,
      "firstSaleDate": "2025-08-31T20:00:00.000Z",
      "lastSaleDate": "2026-01-11T20:00:00.000Z"
    },
    {
      "name": "Marble Muffin",
      "category": "Desserts",
      "productGroup": "Food Items",
      "barcode": "0123459749",
      "unitOfMeasure": "unit",
      "timesSold": 106,
      "totalQuantity": 706,
      "totalRevenue": 4145.95,
      "avgUnitPrice": 5.656132075471698,
      "firstSaleDate": "2025-08-31T20:00:00.000Z",
      "lastSaleDate": "2026-01-06T20:00:00.000Z"
    },
    {
      "name": "Sal Greek 250G",
      "category": "Salads",
      "productGroup": "Food Items",
      "barcode": "0123460518",
      "unitOfMeasure": "Portion",
      "timesSold": 229,
      "totalQuantity": 630,
      "totalRevenue": 4140,
      "avgUnitPrice": 8.688558951965065,
      "firstSaleDate": "2025-08-31T20:00:00.000Z",
      "lastSaleDate": "2026-01-11T20:00:00.000Z"
    },
    {
      "name": "Hm Potato Wedges",
      "category": "Hot Meals",
      "productGroup": "Food Items",
      "barcode": "0123459556",
      "unitOfMeasure": "Portion",
      "timesSold": 51,
      "totalQuantity": 503,
      "totalRevenue": 4024,
      "avgUnitPrice": 7.62,
      "firstSaleDate": "2025-08-31T20:00:00.000Z",
      "lastSaleDate": "2026-01-06T20:00:00.000Z"
    },
    {
      "name": "Side Mashed Potato",
      "category": "Hot Meals",
      "productGroup": "Food Items",
      "barcode": "0123460788",
      "unitOfMeasure": "Portion",
      "timesSold": 129,
      "totalQuantity": 676,
      "totalRevenue": 3902,
      "avgUnitPrice": 5.046821705426357,
      "firstSaleDate": "2025-08-31T20:00:00.000Z",
      "lastSaleDate": "2026-01-07T20:00:00.000Z"
    },
    {
      "name": "Brk Melted Cheese Toast",
      "category": "Breakfast",
      "productGroup": "Food Items",
      "barcode": null,
      "unitOfMeasure": "Portion",
      "timesSold": 107,
      "totalQuantity": 388,
      "totalRevenue": 3883,
      "avgUnitPrice": 10.186168224299065,
      "firstSaleDate": "2025-08-31T20:00:00.000Z",
      "lastSaleDate": "2025-11-13T20:00:00.000Z"
    },
    {
      "name": "Hm Chicken With Orange Sauce",
      "category": "Hot Meals",
      "productGroup": "Food Items",
      "barcode": "0123459470",
      "unitOfMeasure": "Portion",
      "timesSold": 35,
      "totalQuantity": 222,
      "totalRevenue": 3789,
      "avgUnitPrice": 16.08142857142857,
      "firstSaleDate": "2025-09-07T20:00:00.000Z",
      "lastSaleDate": "2025-11-02T20:00:00.000Z"
    },
    {
      "name": "Hm Pasta Poulet Aux Nouilles",
      "category": "Hot Meals",
      "productGroup": "Food Items",
      "barcode": "0123459542",
      "unitOfMeasure": "Portion",
      "timesSold": 19,
      "totalQuantity": 229,
      "totalRevenue": 3676.95,
      "avgUnitPrice": 15.29,
      "firstSaleDate": "2025-09-15T20:00:00.000Z",
      "lastSaleDate": "2025-11-11T20:00:00.000Z"
    },
    {
      "name": "Hm Chicken Curry",
      "category": "Hot Meals",
      "productGroup": "Food Items",
      "barcode": "0123459431",
      "unitOfMeasure": "Portion",
      "timesSold": 40,
      "totalQuantity": 271,
      "totalRevenue": 3314.99,
      "avgUnitPrice": 14.88375,
      "firstSaleDate": "2025-09-02T20:00:00.000Z",
      "lastSaleDate": "2026-01-09T20:00:00.000Z"
    },
    {
      "name": "Hm Chicken With Honey Sauce",
      "category": "Hot Meals",
      "productGroup": "Food Items",
      "barcode": "0123459469",
      "unitOfMeasure": "Portion",
      "timesSold": 32,
      "totalQuantity": 198,
      "totalRevenue": 3252.01,
      "avgUnitPrice": 12.678125,
      "firstSaleDate": "2025-09-03T20:00:00.000Z",
      "lastSaleDate": "2025-12-05T20:00:00.000Z"
    },
    {
      "name": "Chicken Cashew Nuts Platter",
      "category": "OBB",
      "productGroup": null,
      "barcode": "0123457439",
      "unitOfMeasure": "Portion",
      "timesSold": 42,
      "totalQuantity": 167,
      "totalRevenue": 3190,
      "avgUnitPrice": 15.463095238095239,
      "firstSaleDate": "2025-09-02T20:00:00.000Z",
      "lastSaleDate": "2026-01-07T20:00:00.000Z"
    },
    {
      "name": "Hm Chicken Oven Baked Potato",
      "category": "Hot Meals",
      "productGroup": "Food Items",
      "barcode": "0123459448",
      "unitOfMeasure": "Portion",
      "timesSold": 36,
      "totalQuantity": 168,
      "totalRevenue": 3186,
      "avgUnitPrice": 14.655555555555555,
      "firstSaleDate": "2025-09-02T20:00:00.000Z",
      "lastSaleDate": "2026-01-11T20:00:00.000Z"
    },
    {
      "name": "Sandwich Baguette Chicken Caesar",
      "category": "Sandwiches",
      "productGroup": "Food Items",
      "barcode": "0123456939",
      "unitOfMeasure": "unit",
      "timesSold": 22,
      "totalQuantity": 228,
      "totalRevenue": 3135.96,
      "avgUnitPrice": 12.118181818181819,
      "firstSaleDate": "2025-08-31T20:00:00.000Z",
      "lastSaleDate": "2025-10-21T20:00:00.000Z"
    },
    {
      "name": "Hm Chicken with Creamy White sauce",
      "category": "Hot Meals",
      "productGroup": "Food Items",
      "barcode": "0123459444",
      "unitOfMeasure": "Portion",
      "timesSold": 40,
      "totalQuantity": 200,
      "totalRevenue": 3120.71,
      "avgUnitPrice": 14.5485,
      "firstSaleDate": "2025-09-15T20:00:00.000Z",
      "lastSaleDate": "2025-12-04T20:00:00.000Z"
    },
    {
      "name": "Hm Beef Philadelphia",
      "category": "Hot Meals",
      "productGroup": "Food Items",
      "barcode": "0123459402",
      "unitOfMeasure": "Portion",
      "timesSold": 30,
      "totalQuantity": 152,
      "totalRevenue": 3073,
      "avgUnitPrice": 19.364,
      "firstSaleDate": "2025-09-14T20:00:00.000Z",
      "lastSaleDate": "2025-11-09T20:00:00.000Z"
    },
    {
      "name": "Sal Pasta 250G",
      "category": "Salads",
      "productGroup": "Food Items",
      "barcode": "0123460524",
      "unitOfMeasure": "Portion",
      "timesSold": 108,
      "totalQuantity": 303,
      "totalRevenue": 3030,
      "avgUnitPrice": 9.52,
      "firstSaleDate": "2025-08-31T20:00:00.000Z",
      "lastSaleDate": "2026-01-11T20:00:00.000Z"
    },
    {
      "name": "Hm Chicken Sweet And Sour",
      "category": "Hot Meals",
      "productGroup": "Food Items",
      "barcode": "0123459462",
      "unitOfMeasure": "Portion",
      "timesSold": 39,
      "totalQuantity": 198,
      "totalRevenue": 3025,
      "avgUnitPrice": 11.819230769230769,
      "firstSaleDate": "2025-09-07T20:00:00.000Z",
      "lastSaleDate": "2025-12-05T20:00:00.000Z"
    },
    {
      "name": "Chicken Kiev with Grilled Vegetables Platter",
      "category": "OBB",
      "productGroup": null,
      "barcode": null,
      "unitOfMeasure": "Portion",
      "timesSold": 26,
      "totalQuantity": 127,
      "totalRevenue": 3000.99,
      "avgUnitPrice": 22.6,
      "firstSaleDate": "2025-09-01T20:00:00.000Z",
      "lastSaleDate": "2026-01-07T20:00:00.000Z"
    },
    {
      "name": "Hm Chicken Cacciatore",
      "category": "Hot Meals",
      "productGroup": "Food Items",
      "barcode": "0123459428",
      "unitOfMeasure": "Portion",
      "timesSold": 45,
      "totalQuantity": 173,
      "totalRevenue": 2822,
      "avgUnitPrice": 15.026222222222222,
      "firstSaleDate": "2025-09-10T20:00:00.000Z",
      "lastSaleDate": "2026-01-07T20:00:00.000Z"
    },
    {
      "name": "Vine Leaves in oil By Unit",
      "category": "Basic Sub- Recipe",
      "productGroup": "Food Items",
      "barcode": "0123461174",
      "unitOfMeasure": "unit",
      "timesSold": 30,
      "totalQuantity": 3256,
      "totalRevenue": 2784.6,
      "avgUnitPrice": 0.6666666666666666,
      "firstSaleDate": "2025-08-31T20:00:00.000Z",
      "lastSaleDate": "2026-01-11T20:00:00.000Z"
    },
    {
      "name": "Sauce Bolognese 1 KG",
      "category": "Basic Sub- Recipe",
      "productGroup": "Food Items",
      "barcode": "0123460602",
      "unitOfMeasure": "KG",
      "timesSold": 14,
      "totalQuantity": 88.2,
      "totalRevenue": 2778.3,
      "avgUnitPrice": 30,
      "firstSaleDate": "2025-08-31T20:00:00.000Z",
      "lastSaleDate": "2026-01-11T20:00:00.000Z"
    },
    {
      "name": "Half Board 7 Days (L/D)",
      "category": "Subscriptions",
      "productGroup": null,
      "barcode": null,
      "unitOfMeasure": "unit",
      "timesSold": 5,
      "totalQuantity": 6,
      "totalRevenue": 2762.57,
      "avgUnitPrice": 438.5,
      "firstSaleDate": "2025-10-19T20:00:00.000Z",
      "lastSaleDate": "2025-10-21T20:00:00.000Z"
    },
    {
      "name": "Sandwich Greek Delight",
      "category": "Sandwiches",
      "productGroup": "Food Items",
      "barcode": "0123456943",
      "unitOfMeasure": "unit",
      "timesSold": 107,
      "totalQuantity": 225,
      "totalRevenue": 2700,
      "avgUnitPrice": 11.43,
      "firstSaleDate": "2025-08-31T20:00:00.000Z",
      "lastSaleDate": "2026-01-11T20:00:00.000Z"
    },
    {
      "name": "Chicken Marinade ( Strips ) 1 Kg",
      "category": "Basic Sub- Recipe",
      "productGroup": "Food Items",
      "barcode": null,
      "unitOfMeasure": "KG",
      "timesSold": 7,
      "totalQuantity": 71.3,
      "totalRevenue": 2695.14,
      "avgUnitPrice": 36,
      "firstSaleDate": "2025-08-31T20:00:00.000Z",
      "lastSaleDate": "2026-01-11T20:00:00.000Z"
    },
    {
      "name": "Hm Chicken Escalope w Creamy cheese sauce & Veggies",
      "category": "Hot Meals",
      "productGroup": "Food Items",
      "barcode": "0123459435",
      "unitOfMeasure": "Portion",
      "timesSold": 17,
      "totalQuantity": 170,
      "totalRevenue": 2654.12,
      "avgUnitPrice": 14.743529411764706,
      "firstSaleDate": "2025-09-02T20:00:00.000Z",
      "lastSaleDate": "2025-11-26T20:00:00.000Z"
    },
    {
      "name": "Chicken Escalope with Grilled Vegetables & Creamy Cheese Sauce Platter",
      "category": "OBB",
      "productGroup": null,
      "barcode": "0123457456",
      "unitOfMeasure": "Portion",
      "timesSold": 18,
      "totalQuantity": 115,
      "totalRevenue": 2647,
      "avgUnitPrice": 22.06222222222222,
      "firstSaleDate": "2025-09-03T20:00:00.000Z",
      "lastSaleDate": "2026-01-05T20:00:00.000Z"
    },
    {
      "name": "Mixed Cheese",
      "category": "Basic Sub- Recipe",
      "productGroup": "Food Items",
      "barcode": "0123459824",
      "unitOfMeasure": "KG",
      "timesSold": 2,
      "totalQuantity": 54,
      "totalRevenue": 2645.96,
      "avgUnitPrice": 46.67,
      "firstSaleDate": "2025-10-12T20:00:00.000Z",
      "lastSaleDate": "2025-10-19T20:00:00.000Z"
    },
    {
      "name": "Hm Chicken Cajun w Vegetables",
      "category": "Hot Meals",
      "productGroup": "Food Items",
      "barcode": "0123459429",
      "unitOfMeasure": "Portion",
      "timesSold": 26,
      "totalQuantity": 131,
      "totalRevenue": 2623,
      "avgUnitPrice": 18.90076923076923,
      "firstSaleDate": "2025-09-22T20:00:00.000Z",
      "lastSaleDate": "2025-11-19T20:00:00.000Z"
    },
    {
      "name": "Chicken Quarter Leg  Marinade Sous Vide",
      "category": "Basic Sub- Recipe",
      "productGroup": "Food Items",
      "barcode": null,
      "unitOfMeasure": "unit",
      "timesSold": 5,
      "totalQuantity": 85,
      "totalRevenue": 2543.64,
      "avgUnitPrice": 28.5,
      "firstSaleDate": "2025-10-12T20:00:00.000Z",
      "lastSaleDate": "2026-01-11T20:00:00.000Z"
    },
    {
      "name": "Hm Potato Mashed",
      "category": "Hot Meals",
      "productGroup": "Food Items",
      "barcode": "0123459554",
      "unitOfMeasure": "Portion",
      "timesSold": 67,
      "totalQuantity": 315,
      "totalRevenue": 2464,
      "avgUnitPrice": 7.506268656716418,
      "firstSaleDate": "2025-08-31T20:00:00.000Z",
      "lastSaleDate": "2026-01-07T20:00:00.000Z"
    },
    {
      "name": "Hm Baked Rigatoni with Cheese",
      "category": "Hot Meals",
      "productGroup": "Food Items",
      "barcode": null,
      "unitOfMeasure": "Portion",
      "timesSold": 16,
      "totalQuantity": 145,
      "totalRevenue": 2313.02,
      "avgUnitPrice": 15.418125,
      "firstSaleDate": "2025-09-07T20:00:00.000Z",
      "lastSaleDate": "2025-11-03T20:00:00.000Z"
    },
    {
      "name": "Hm Chicken White Sauce with Cantonese Rice",
      "category": "Hot Meals",
      "productGroup": "Food Items",
      "barcode": null,
      "unitOfMeasure": "Portion",
      "timesSold": 20,
      "totalQuantity": 117,
      "totalRevenue": 2217,
      "avgUnitPrice": 17.953,
      "firstSaleDate": "2025-09-08T20:00:00.000Z",
      "lastSaleDate": "2025-12-02T20:00:00.000Z"
    },
    {
      "name": "Chicken Fajitas 1 KG",
      "category": "Compound Sub- Recipe",
      "productGroup": "Food Items",
      "barcode": "0123457460",
      "unitOfMeasure": "KG",
      "timesSold": 8,
      "totalQuantity": 54,
      "totalRevenue": 2188.2,
      "avgUnitPrice": 38.5,
      "firstSaleDate": "2025-08-31T20:00:00.000Z",
      "lastSaleDate": "2025-11-09T20:00:00.000Z"
    },
    {
      "name": "Hm Beef Stroganoff",
      "category": "Hot Meals",
      "productGroup": "Food Items",
      "barcode": "0123459411",
      "unitOfMeasure": "Portion",
      "timesSold": 28,
      "totalQuantity": 136,
      "totalRevenue": 2184,
      "avgUnitPrice": 13.265,
      "firstSaleDate": "2025-09-01T20:00:00.000Z",
      "lastSaleDate": "2026-01-05T20:00:00.000Z"
    },
    {
      "name": "Cinnamon Roll",
      "category": "Desserts",
      "productGroup": "Food Items",
      "barcode": null,
      "unitOfMeasure": "unit",
      "timesSold": 19,
      "totalQuantity": 217,
      "totalRevenue": 2149.76,
      "avgUnitPrice": 9.418947368421053,
      "firstSaleDate": "2025-09-29T20:00:00.000Z",
      "lastSaleDate": "2026-01-11T20:00:00.000Z"
    },
    {
      "name": "Stuffed Zucchini & Vine Leaves Platter",
      "category": "OBB",
      "productGroup": null,
      "barcode": "0123460880",
      "unitOfMeasure": "Portion",
      "timesSold": 23,
      "totalQuantity": 83,
      "totalRevenue": 2101,
      "avgUnitPrice": 23.475652173913044,
      "firstSaleDate": "2025-09-14T20:00:00.000Z",
      "lastSaleDate": "2026-01-11T20:00:00.000Z"
    },
    {
      "name": "Chicken Marinade Breast 1 Kg",
      "category": "Basic Sub- Recipe",
      "productGroup": "Food Items",
      "barcode": null,
      "unitOfMeasure": "KG",
      "timesSold": 6,
      "totalQuantity": 54.782,
      "totalRevenue": 2070.76,
      "avgUnitPrice": 36,
      "firstSaleDate": "2025-09-07T20:00:00.000Z",
      "lastSaleDate": "2025-11-09T20:00:00.000Z"
    },
    {
      "name": "Grilled Chicken with Vegetables Platter",
      "category": "OBB",
      "productGroup": null,
      "barcode": "0123457902",
      "unitOfMeasure": "Portion",
      "timesSold": 26,
      "totalQuantity": 121,
      "totalRevenue": 1980,
      "avgUnitPrice": 12.892307692307693,
      "firstSaleDate": "2025-09-15T20:00:00.000Z",
      "lastSaleDate": "2025-12-05T20:00:00.000Z"
    },
    {
      "name": "Butter Chicken 1 KG",
      "category": "Basic Sub- Recipe",
      "productGroup": "Food Items",
      "barcode": "0123457167",
      "unitOfMeasure": "KG",
      "timesSold": 8,
      "totalQuantity": 38.8,
      "totalRevenue": 1951.95,
      "avgUnitPrice": 48.125,
      "firstSaleDate": "2025-08-31T20:00:00.000Z",
      "lastSaleDate": "2026-01-11T20:00:00.000Z"
    },
    {
      "name": "SW English Banana Cake",
      "category": "Desserts",
      "productGroup": "Food Items",
      "barcode": "0123461032",
      "unitOfMeasure": "unit",
      "timesSold": 101,
      "totalQuantity": 425,
      "totalRevenue": 1938,
      "avgUnitPrice": 5.596930693069307,
      "firstSaleDate": "2025-08-31T20:00:00.000Z",
      "lastSaleDate": "2026-01-11T20:00:00.000Z"
    },
    {
      "name": "Beef Kabab Khashkhash Platter",
      "category": "OBB",
      "productGroup": null,
      "barcode": "0123457003",
      "unitOfMeasure": "Portion",
      "timesSold": 21,
      "totalQuantity": 80,
      "totalRevenue": 1928.01,
      "avgUnitPrice": 23.12904761904762,
      "firstSaleDate": "2025-09-08T20:00:00.000Z",
      "lastSaleDate": "2025-11-03T20:00:00.000Z"
    },
    {
      "name": "Mouloukhieh Platter",
      "category": "OBB",
      "productGroup": null,
      "barcode": "0123459843",
      "unitOfMeasure": "Portion",
      "timesSold": 20,
      "totalQuantity": 84,
      "totalRevenue": 1885,
      "avgUnitPrice": 21.094,
      "firstSaleDate": "2025-09-10T20:00:00.000Z",
      "lastSaleDate": "2025-10-22T20:00:00.000Z"
    },
    {
      "name": "Sauce Tomato 1 KG",
      "category": "Basic Sub- Recipe",
      "productGroup": "Food Items",
      "barcode": "0123460667",
      "unitOfMeasure": "KG",
      "timesSold": 15,
      "totalQuantity": 166,
      "totalRevenue": 1838.12,
      "avgUnitPrice": 10.104,
      "firstSaleDate": "2025-08-31T20:00:00.000Z",
      "lastSaleDate": "2026-01-11T20:00:00.000Z"
    },
    {
      "name": "Fish Escalope with Creamy Lemon Sauce Platter",
      "category": "OBB",
      "productGroup": null,
      "barcode": "0123457769",
      "unitOfMeasure": "Portion",
      "timesSold": 21,
      "totalQuantity": 72,
      "totalRevenue": 1816,
      "avgUnitPrice": 24.350952380952382,
      "firstSaleDate": "2025-09-16T20:00:00.000Z",
      "lastSaleDate": "2026-01-07T20:00:00.000Z"
    },
    {
      "name": "Hm Beef Broccoli With Oyster Sauce",
      "category": "Hot Meals",
      "productGroup": "Food Items",
      "barcode": "0123459383",
      "unitOfMeasure": "Portion",
      "timesSold": 29,
      "totalQuantity": 119,
      "totalRevenue": 1764,
      "avgUnitPrice": 11.822068965517241,
      "firstSaleDate": "2025-09-11T20:00:00.000Z",
      "lastSaleDate": "2025-12-05T20:00:00.000Z"
    },
    {
      "name": "Half Board 4 Days (B/L) or (B/D)",
      "category": "Subscriptions",
      "productGroup": null,
      "barcode": null,
      "unitOfMeasure": "unit",
      "timesSold": 7,
      "totalQuantity": 7,
      "totalRevenue": 1749.3,
      "avgUnitPrice": 238,
      "firstSaleDate": "2025-10-21T20:00:00.000Z",
      "lastSaleDate": "2025-10-21T20:00:00.000Z"
    },
    {
      "name": "Hm Beef Shawarma",
      "category": "Hot Meals",
      "productGroup": "Food Items",
      "barcode": "0123459406",
      "unitOfMeasure": "unit",
      "timesSold": 16,
      "totalQuantity": 85,
      "totalRevenue": 1720,
      "avgUnitPrice": 18.6925,
      "firstSaleDate": "2025-09-21T20:00:00.000Z",
      "lastSaleDate": "2026-01-06T20:00:00.000Z"
    },
    {
      "name": "Creamy Cajun Chicken with French Fries Platter",
      "category": "OBB",
      "productGroup": null,
      "barcode": null,
      "unitOfMeasure": "Portion",
      "timesSold": 15,
      "totalQuantity": 77,
      "totalRevenue": 1694,
      "avgUnitPrice": 20.95,
      "firstSaleDate": "2025-09-09T20:00:00.000Z",
      "lastSaleDate": "2025-11-04T20:00:00.000Z"
    },
    {
      "name": "Hm Grilled Pesto Chicken with Vegetables",
      "category": "Hot Meals",
      "productGroup": "Food Items",
      "barcode": null,
      "unitOfMeasure": "Portion",
      "timesSold": 24,
      "totalQuantity": 101,
      "totalRevenue": 1692,
      "avgUnitPrice": 15.83375,
      "firstSaleDate": "2025-09-08T20:00:00.000Z",
      "lastSaleDate": "2025-11-12T20:00:00.000Z"
    },
    {
      "name": "Half Board 7 Days (B/L) or (B/D)",
      "category": "Subscriptions",
      "productGroup": null,
      "barcode": null,
      "unitOfMeasure": "unit",
      "timesSold": 4,
      "totalQuantity": 4,
      "totalRevenue": 1680,
      "avgUnitPrice": 400,
      "firstSaleDate": "2025-10-21T20:00:00.000Z",
      "lastSaleDate": "2025-10-21T20:00:00.000Z"
    },
    {
      "name": "Chicken Fajitas Bowl",
      "category": "OBB",
      "productGroup": null,
      "barcode": "0123457461",
      "unitOfMeasure": "Portion",
      "timesSold": 12,
      "totalQuantity": 65,
      "totalRevenue": 1670,
      "avgUnitPrice": 24.52,
      "firstSaleDate": "2025-08-31T20:00:00.000Z",
      "lastSaleDate": "2025-11-23T20:00:00.000Z"
    },
    {
      "name": "Garlic Paste 1 Kg",
      "category": "Compound Sub- Recipe",
      "productGroup": "Food Items",
      "barcode": "0123457859",
      "unitOfMeasure": "KG",
      "timesSold": 12,
      "totalQuantity": 83,
      "totalRevenue": 1605.47,
      "avgUnitPrice": 18.706666666666667,
      "firstSaleDate": "2025-08-31T20:00:00.000Z",
      "lastSaleDate": "2026-01-04T20:00:00.000Z"
    },
    {
      "name": "Bev Cool 4 School Orange",
      "category": "Beverages",
      "productGroup": null,
      "barcode": null,
      "unitOfMeasure": "unit",
      "timesSold": 84,
      "totalQuantity": 1128,
      "totalRevenue": 1552.04,
      "avgUnitPrice": 1.8838095238095238,
      "firstSaleDate": "2025-09-24T20:00:00.000Z",
      "lastSaleDate": "2026-01-11T20:00:00.000Z"
    },
    {
      "name": "Hm Cannelloni Bolognese",
      "category": "Hot Meals",
      "productGroup": "Food Items",
      "barcode": null,
      "unitOfMeasure": "Portion",
      "timesSold": 9,
      "totalQuantity": 97,
      "totalRevenue": 1515.04,
      "avgUnitPrice": 14.818888888888889,
      "firstSaleDate": "2025-09-16T20:00:00.000Z",
      "lastSaleDate": "2025-11-11T20:00:00.000Z"
    },
    {
      "name": "Hm Chicken Shawarma with Ciabatta Garlic Bread Fingers",
      "category": "Hot Meals",
      "productGroup": "Food Items",
      "barcode": "0123459457",
      "unitOfMeasure": "Portion",
      "timesSold": 10,
      "totalQuantity": 70,
      "totalRevenue": 1511,
      "avgUnitPrice": 20.57,
      "firstSaleDate": "2025-09-09T20:00:00.000Z",
      "lastSaleDate": "2025-11-04T20:00:00.000Z"
    },
    {
      "name": "Creamy Tuscan Chicken With Tagliatelle Platter",
      "category": "OBB",
      "productGroup": null,
      "barcode": "0123457657",
      "unitOfMeasure": "Portion",
      "timesSold": 16,
      "totalQuantity": 66,
      "totalRevenue": 1452,
      "avgUnitPrice": 20.95,
      "firstSaleDate": "2025-09-22T20:00:00.000Z",
      "lastSaleDate": "2025-10-20T20:00:00.000Z"
    },
    {
      "name": "Hm Chicken Stuffed Spinach Creamy Sauce",
      "category": "Hot Meals",
      "productGroup": "Food Items",
      "barcode": "0123459460",
      "unitOfMeasure": "Portion",
      "timesSold": 19,
      "totalQuantity": 83,
      "totalRevenue": 1437,
      "avgUnitPrice": 16.24,
      "firstSaleDate": "2025-09-02T20:00:00.000Z",
      "lastSaleDate": "2025-12-03T20:00:00.000Z"
    },
    {
      "name": "Kebbe Saynieh with Tzatziki Sauce Platter",
      "category": "OBB",
      "productGroup": null,
      "barcode": null,
      "unitOfMeasure": "Portion",
      "timesSold": 18,
      "totalQuantity": 67,
      "totalRevenue": 1426,
      "avgUnitPrice": 20.633333333333333,
      "firstSaleDate": "2025-09-10T20:00:00.000Z",
      "lastSaleDate": "2025-11-05T20:00:00.000Z"
    },
    {
      "name": "Fish Brochette with Saffron Rice Platter",
      "category": "OBB",
      "productGroup": null,
      "barcode": "0123459486",
      "unitOfMeasure": "Portion",
      "timesSold": 20,
      "totalQuantity": 64,
      "totalRevenue": 1408,
      "avgUnitPrice": 20.95,
      "firstSaleDate": "2025-09-17T20:00:00.000Z",
      "lastSaleDate": "2025-11-12T20:00:00.000Z"
    },
    {
      "name": "Hm Lasagna Primavera",
      "category": "Hot Meals",
      "productGroup": "Food Items",
      "barcode": "0123459520",
      "unitOfMeasure": "Portion",
      "timesSold": 14,
      "totalQuantity": 89,
      "totalRevenue": 1387,
      "avgUnitPrice": 14.968571428571428,
      "firstSaleDate": "2025-08-31T20:00:00.000Z",
      "lastSaleDate": "2026-01-05T20:00:00.000Z"
    },
    {
      "name": "Hummus Bi Tahini 1 KG",
      "category": "Compound Sub- Recipe",
      "productGroup": "Food Items",
      "barcode": "0123459581",
      "unitOfMeasure": "KG",
      "timesSold": 23,
      "totalQuantity": 92.688,
      "totalRevenue": 1375.96,
      "avgUnitPrice": 7.060869565217391,
      "firstSaleDate": "2025-08-31T20:00:00.000Z",
      "lastSaleDate": "2025-12-03T20:00:00.000Z"
    },
    {
      "name": "Salad Bar 200G (combo OBB)",
      "category": "Salads",
      "productGroup": "Food Items",
      "barcode": null,
      "unitOfMeasure": "unit",
      "timesSold": 33,
      "totalQuantity": 270,
      "totalRevenue": 1350,
      "avgUnitPrice": 4.76,
      "firstSaleDate": "2025-08-31T20:00:00.000Z",
      "lastSaleDate": "2025-11-12T20:00:00.000Z"
    },
    {
      "name": "Stuffed Lamb Platter",
      "category": "OBB",
      "productGroup": null,
      "barcode": "0123460874",
      "unitOfMeasure": "Portion",
      "timesSold": 15,
      "totalQuantity": 51,
      "totalRevenue": 1337,
      "avgUnitPrice": 25.075333333333333,
      "firstSaleDate": "2025-09-07T20:00:00.000Z",
      "lastSaleDate": "2025-10-07T20:00:00.000Z"
    },
    {
      "name": "Side Baked Fries",
      "category": "Hot Meals",
      "productGroup": "Food Items",
      "barcode": "0123460784",
      "unitOfMeasure": "Portion",
      "timesSold": 26,
      "totalQuantity": 211,
      "totalRevenue": 1301.83,
      "avgUnitPrice": 5.930384615384615,
      "firstSaleDate": "2025-09-02T20:00:00.000Z",
      "lastSaleDate": "2025-12-03T20:00:00.000Z"
    },
    {
      "name": "French Fries Box",
      "category": "Appetizers",
      "productGroup": "Food Items",
      "barcode": "0123457837",
      "unitOfMeasure": "Portion",
      "timesSold": 21,
      "totalQuantity": 246,
      "totalRevenue": 1296.01,
      "avgUnitPrice": 4.9871428571428575,
      "firstSaleDate": "2025-09-03T20:00:00.000Z",
      "lastSaleDate": "2026-01-07T20:00:00.000Z"
    },
    {
      "name": "Hm Beef Kabab Hindi",
      "category": "Hot Meals",
      "productGroup": "Food Items",
      "barcode": "0123459393",
      "unitOfMeasure": "Portion",
      "timesSold": 16,
      "totalQuantity": 77,
      "totalRevenue": 1290.01,
      "avgUnitPrice": 16.249375,
      "firstSaleDate": "2025-09-23T20:00:00.000Z",
      "lastSaleDate": "2025-12-03T20:00:00.000Z"
    },
    {
      "name": "Hm Beef Kafta Saynieh",
      "category": "Hot Meals",
      "productGroup": "Food Items",
      "barcode": "0123459395",
      "unitOfMeasure": "Portion",
      "timesSold": 23,
      "totalQuantity": 82,
      "totalRevenue": 1281,
      "avgUnitPrice": 12.422608695652174,
      "firstSaleDate": "2025-09-15T20:00:00.000Z",
      "lastSaleDate": "2025-12-04T20:00:00.000Z"
    },
    {
      "name": "Greek Yogurt Granola Cup",
      "category": "Desserts",
      "productGroup": "Food Items",
      "barcode": "0123457881",
      "unitOfMeasure": "unit",
      "timesSold": 47,
      "totalQuantity": 189,
      "totalRevenue": 1250,
      "avgUnitPrice": 8.30468085106383,
      "firstSaleDate": "2025-08-31T20:00:00.000Z",
      "lastSaleDate": "2025-12-05T20:00:00.000Z"
    },
    {
      "name": "Hm Beef Kebbe Labnieh",
      "category": "Hot Meals",
      "productGroup": "Food Items",
      "barcode": "0123459396",
      "unitOfMeasure": "Portion",
      "timesSold": 24,
      "totalQuantity": 82,
      "totalRevenue": 1242,
      "avgUnitPrice": 11.429166666666667,
      "firstSaleDate": "2025-08-31T20:00:00.000Z",
      "lastSaleDate": "2025-12-05T20:00:00.000Z"
    },
    {
      "name": "Fish Tajin W/ Potato Coriander Platter",
      "category": "OBB",
      "productGroup": null,
      "barcode": "0123457788",
      "unitOfMeasure": "Portion",
      "timesSold": 13,
      "totalQuantity": 53,
      "totalRevenue": 1241.01,
      "avgUnitPrice": 22.49,
      "firstSaleDate": "2025-09-02T20:00:00.000Z",
      "lastSaleDate": "2025-09-30T20:00:00.000Z"
    },
    {
      "name": "SW Date Sable",
      "category": "Desserts",
      "productGroup": "Food Items",
      "barcode": null,
      "unitOfMeasure": "unit",
      "timesSold": 58,
      "totalQuantity": 204,
      "totalRevenue": 1223.99,
      "avgUnitPrice": 5.71,
      "firstSaleDate": "2025-11-02T20:00:00.000Z",
      "lastSaleDate": "2026-01-11T20:00:00.000Z"
    },
    {
      "name": "Chicken Burger Patty 1 KG",
      "category": "Basic Sub- Recipe",
      "productGroup": "Food Items",
      "barcode": "0123457428",
      "unitOfMeasure": "KG",
      "timesSold": 10,
      "totalQuantity": 34.7,
      "totalRevenue": 1209.5,
      "avgUnitPrice": 32.8,
      "firstSaleDate": "2025-09-07T20:00:00.000Z",
      "lastSaleDate": "2026-01-11T20:00:00.000Z"
    },
    {
      "name": "Hm Chicken Pie",
      "category": "Hot Meals",
      "productGroup": "Food Items",
      "barcode": "0123459453",
      "unitOfMeasure": "Portion",
      "timesSold": 12,
      "totalQuantity": 71,
      "totalRevenue": 1206,
      "avgUnitPrice": 12.855,
      "firstSaleDate": "2025-09-17T20:00:00.000Z",
      "lastSaleDate": "2025-12-03T20:00:00.000Z"
    },
    {
      "name": "Beef Burger 1 KG",
      "category": "Basic Sub- Recipe",
      "productGroup": "Food Items",
      "barcode": "0123456983",
      "unitOfMeasure": "KG",
      "timesSold": 6,
      "totalQuantity": 15.492,
      "totalRevenue": 1187.46,
      "avgUnitPrice": 73,
      "firstSaleDate": "2025-08-31T20:00:00.000Z",
      "lastSaleDate": "2025-10-19T20:00:00.000Z"
    },
    {
      "name": "Pasta with Creamy Salmon sauce Platter",
      "category": "OBB",
      "productGroup": null,
      "barcode": "0123460283",
      "unitOfMeasure": "Portion",
      "timesSold": 15,
      "totalQuantity": 58,
      "totalRevenue": 1184.99,
      "avgUnitPrice": 19.367333333333335,
      "firstSaleDate": "2025-09-01T20:00:00.000Z",
      "lastSaleDate": "2026-01-11T20:00:00.000Z"
    },
    {
      "name": "Hm Pasta Penne Pesto",
      "category": "Hot Meals",
      "productGroup": "Food Items",
      "barcode": "0123459541",
      "unitOfMeasure": "Portion",
      "timesSold": 14,
      "totalQuantity": 81,
      "totalRevenue": 1154.98,
      "avgUnitPrice": 10.207142857142857,
      "firstSaleDate": "2025-08-31T20:00:00.000Z",
      "lastSaleDate": "2025-12-03T20:00:00.000Z"
    },
    {
      "name": "Bev, Minted Lemonade, Fresh, 330 ml",
      "category": "Beverages",
      "productGroup": null,
      "barcode": null,
      "unitOfMeasure": "unit",
      "timesSold": 23,
      "totalQuantity": 164,
      "totalRevenue": 1148.04,
      "avgUnitPrice": 6.67,
      "firstSaleDate": "2025-11-03T20:00:00.000Z",
      "lastSaleDate": "2026-01-11T20:00:00.000Z"
    },
    {
      "name": "SW, Sable, White, Medium, 60Gr",
      "category": "Desserts",
      "productGroup": "Food Items",
      "barcode": "0123461068",
      "unitOfMeasure": "unit",
      "timesSold": 51,
      "totalQuantity": 272,
      "totalRevenue": 1138.1,
      "avgUnitPrice": 5.349803921568627,
      "firstSaleDate": "2025-09-01T20:00:00.000Z",
      "lastSaleDate": "2026-01-11T20:00:00.000Z"
    },
    {
      "name": "Hm Cannelloni with Chicken and Creamy Spinach",
      "category": "Hot Meals",
      "productGroup": "Food Items",
      "barcode": null,
      "unitOfMeasure": "Portion",
      "timesSold": 13,
      "totalQuantity": 63,
      "totalRevenue": 1119.43,
      "avgUnitPrice": 17.068461538461538,
      "firstSaleDate": "2025-10-08T20:00:00.000Z",
      "lastSaleDate": "2025-11-19T20:00:00.000Z"
    },
    {
      "name": "Stuffed Chicken with Creamy Spinach Sauce  Platter",
      "category": "OBB",
      "productGroup": null,
      "barcode": "0123457652",
      "unitOfMeasure": "Portion",
      "timesSold": 11,
      "totalQuantity": 52,
      "totalRevenue": 1114,
      "avgUnitPrice": 20.431818181818183,
      "firstSaleDate": "2025-09-01T20:00:00.000Z",
      "lastSaleDate": "2025-11-25T20:00:00.000Z"
    },
    {
      "name": "Sandwich Falafel with Fries Arabic bread",
      "category": "Sandwiches",
      "productGroup": "Food Items",
      "barcode": "0123460568",
      "unitOfMeasure": "unit",
      "timesSold": 25,
      "totalQuantity": 136,
      "totalRevenue": 1088,
      "avgUnitPrice": 7.62,
      "firstSaleDate": "2025-09-08T20:00:00.000Z",
      "lastSaleDate": "2025-11-24T20:00:00.000Z"
    },
    {
      "name": "Hm Creamy Chicken Florentine",
      "category": "Hot Meals",
      "productGroup": "Food Items",
      "barcode": "0123459475",
      "unitOfMeasure": "Portion",
      "timesSold": 14,
      "totalQuantity": 64,
      "totalRevenue": 1080,
      "avgUnitPrice": 16.325714285714287,
      "firstSaleDate": "2025-09-21T20:00:00.000Z",
      "lastSaleDate": "2025-10-22T20:00:00.000Z"
    },
    {
      "name": "Mashed Potato 1 KG",
      "category": "Basic Sub- Recipe",
      "productGroup": "Food Items",
      "barcode": "0123459769",
      "unitOfMeasure": "KG",
      "timesSold": 14,
      "totalQuantity": 70.25,
      "totalRevenue": 1073.18,
      "avgUnitPrice": 10.507142857142856,
      "firstSaleDate": "2025-09-07T20:00:00.000Z",
      "lastSaleDate": "2026-01-11T20:00:00.000Z"
    },
    {
      "name": "Muffin Batter White 1 KG",
      "category": "Basic Sub- Recipe",
      "productGroup": "Food Items",
      "barcode": "0123460167",
      "unitOfMeasure": "KG",
      "timesSold": 8,
      "totalQuantity": 56.5,
      "totalRevenue": 1067.85,
      "avgUnitPrice": 18,
      "firstSaleDate": "2025-08-31T20:00:00.000Z",
      "lastSaleDate": "2025-10-19T20:00:00.000Z"
    },
    {
      "name": "Beef Paupiette Platter",
      "category": "OBB",
      "productGroup": null,
      "barcode": "0123457016",
      "unitOfMeasure": "Portion",
      "timesSold": 15,
      "totalQuantity": 42,
      "totalRevenue": 1023,
      "avgUnitPrice": 23.238,
      "firstSaleDate": "2025-09-17T20:00:00.000Z",
      "lastSaleDate": "2025-11-12T20:00:00.000Z"
    },
    {
      "name": "Sandwich Chicken Avocado",
      "category": "Sandwiches",
      "productGroup": "Food Items",
      "barcode": null,
      "unitOfMeasure": "unit",
      "timesSold": 31,
      "totalQuantity": 218,
      "totalRevenue": 1003,
      "avgUnitPrice": 11.64258064516129,
      "firstSaleDate": "2025-09-16T20:00:00.000Z",
      "lastSaleDate": "2026-01-11T20:00:00.000Z"
    },
    {
      "name": "Fish Siyadieh Platter",
      "category": "OBB",
      "productGroup": null,
      "barcode": "0123457781",
      "unitOfMeasure": "Portion",
      "timesSold": 18,
      "totalQuantity": 39,
      "totalRevenue": 988,
      "avgUnitPrice": 24.65222222222222,
      "firstSaleDate": "2025-09-14T20:00:00.000Z",
      "lastSaleDate": "2025-10-20T20:00:00.000Z"
    },
    {
      "name": "Tiramisu",
      "category": "Desserts",
      "productGroup": "Food Items",
      "barcode": "0123461105",
      "unitOfMeasure": "unit",
      "timesSold": 19,
      "totalQuantity": 98,
      "totalRevenue": 980.01,
      "avgUnitPrice": 9.52,
      "firstSaleDate": "2025-09-07T20:00:00.000Z",
      "lastSaleDate": "2025-09-23T20:00:00.000Z"
    },
    {
      "name": "Sal Chicken Caesar 400G",
      "category": "Salads",
      "productGroup": "Food Items",
      "barcode": "0123460510",
      "unitOfMeasure": "Portion",
      "timesSold": 36,
      "totalQuantity": 72,
      "totalRevenue": 980,
      "avgUnitPrice": 12.589444444444444,
      "firstSaleDate": "2025-09-08T20:00:00.000Z",
      "lastSaleDate": "2026-01-11T20:00:00.000Z"
    },
    {
      "name": "Beef Mongolian Platter",
      "category": "Hot Meals",
      "productGroup": "Food Items",
      "barcode": null,
      "unitOfMeasure": "Portion",
      "timesSold": 15,
      "totalQuantity": 37,
      "totalRevenue": 974,
      "avgUnitPrice": 24.440666666666665,
      "firstSaleDate": "2025-08-31T20:00:00.000Z",
      "lastSaleDate": "2025-11-23T20:00:00.000Z"
    },
    {
      "name": "Greek Moussaka Platter",
      "category": "OBB",
      "productGroup": null,
      "barcode": "0123457877",
      "unitOfMeasure": "Portion",
      "timesSold": 15,
      "totalQuantity": 44,
      "totalRevenue": 946,
      "avgUnitPrice": 19.553333333333335,
      "firstSaleDate": "2025-09-08T20:00:00.000Z",
      "lastSaleDate": "2025-10-07T20:00:00.000Z"
    },
    {
      "name": "Hm Chicken & Potato Croquettes",
      "category": "Hot Meals",
      "productGroup": "Food Items",
      "barcode": "0123459421",
      "unitOfMeasure": "Portion",
      "timesSold": 12,
      "totalQuantity": 62,
      "totalRevenue": 930,
      "avgUnitPrice": 14.29,
      "firstSaleDate": "2025-09-01T20:00:00.000Z",
      "lastSaleDate": "2025-10-22T20:00:00.000Z"
    },
    {
      "name": "Sauce Chicken Alfredo 1 KG",
      "category": "Compound Sub- Recipe",
      "productGroup": "Food Items",
      "barcode": "0123460611",
      "unitOfMeasure": "KG",
      "timesSold": 7,
      "totalQuantity": 37.3,
      "totalRevenue": 924.46,
      "avgUnitPrice": 23.6,
      "firstSaleDate": "2025-08-31T20:00:00.000Z",
      "lastSaleDate": "2026-01-04T20:00:00.000Z"
    },
    {
      "name": "Hm Beef Burger Cheese With Fries",
      "category": "Hot Meals",
      "productGroup": "Food Items",
      "barcode": "0123459384",
      "unitOfMeasure": "Portion",
      "timesSold": 3,
      "totalQuantity": 68,
      "totalRevenue": 915.02,
      "avgUnitPrice": 9.526666666666667,
      "firstSaleDate": "2025-11-03T20:00:00.000Z",
      "lastSaleDate": "2025-11-12T20:00:00.000Z"
    },
    {
      "name": "Hm Cottage Pie",
      "category": "Hot Meals",
      "productGroup": "Food Items",
      "barcode": "0123459561",
      "unitOfMeasure": "Portion",
      "timesSold": 18,
      "totalQuantity": 57,
      "totalRevenue": 909,
      "avgUnitPrice": 11.692777777777778,
      "firstSaleDate": "2025-09-09T20:00:00.000Z",
      "lastSaleDate": "2025-12-05T20:00:00.000Z"
    },
    {
      "name": "Mac & Cheese 1 KG",
      "category": "Compound Sub- Recipe",
      "productGroup": "Food Items",
      "barcode": "0123459730",
      "unitOfMeasure": "KG",
      "timesSold": 10,
      "totalQuantity": 44.25,
      "totalRevenue": 906.71,
      "avgUnitPrice": 19.52,
      "firstSaleDate": "2025-09-07T20:00:00.000Z",
      "lastSaleDate": "2026-01-04T20:00:00.000Z"
    },
    {
      "name": "Hm Beef Kafta With tomato Sauce",
      "category": "Hot Meals",
      "productGroup": "Food Items",
      "barcode": null,
      "unitOfMeasure": "Portion",
      "timesSold": 10,
      "totalQuantity": 46,
      "totalRevenue": 893,
      "avgUnitPrice": 18.286,
      "firstSaleDate": "2025-09-22T20:00:00.000Z",
      "lastSaleDate": "2025-10-20T20:00:00.000Z"
    },
    {
      "name": "Breakfast Tray Subscription",
      "category": "Breakfast",
      "productGroup": "Food Items",
      "barcode": null,
      "unitOfMeasure": "unit",
      "timesSold": 47,
      "totalQuantity": 71,
      "totalRevenue": 887.4,
      "avgUnitPrice": 11.931702127659575,
      "firstSaleDate": "2025-11-02T20:00:00.000Z",
      "lastSaleDate": "2026-01-11T20:00:00.000Z"
    },
    {
      "name": "Hm Chich Barak w Labanieh sauce",
      "category": "Hot Meals",
      "productGroup": "Food Items",
      "barcode": "0123459420",
      "unitOfMeasure": "unit",
      "timesSold": 13,
      "totalQuantity": 59,
      "totalRevenue": 884.98,
      "avgUnitPrice": 14.29,
      "firstSaleDate": "2025-09-02T20:00:00.000Z",
      "lastSaleDate": "2025-12-02T20:00:00.000Z"
    },
    {
      "name": "SW Dough Cookies",
      "category": "Basic Sub- Recipe",
      "productGroup": "Food Items",
      "barcode": "0123461021",
      "unitOfMeasure": "KG",
      "timesSold": 9,
      "totalQuantity": 29.6,
      "totalRevenue": 870.24,
      "avgUnitPrice": 28,
      "firstSaleDate": "2025-08-31T20:00:00.000Z",
      "lastSaleDate": "2026-01-11T20:00:00.000Z"
    },
    {
      "name": "Chicken Pesto 1 Kg",
      "category": "Compound Sub- Recipe",
      "productGroup": "Food Items",
      "barcode": "0123457510",
      "unitOfMeasure": "KG",
      "timesSold": 5,
      "totalQuantity": 15,
      "totalRevenue": 866.26,
      "avgUnitPrice": 55,
      "firstSaleDate": "2025-08-31T20:00:00.000Z",
      "lastSaleDate": "2025-11-09T20:00:00.000Z"
    },
    {
      "name": "Entrecote CA2",
      "category": "Hot Meals",
      "productGroup": "Food Items",
      "barcode": null,
      "unitOfMeasure": "Portion",
      "timesSold": 4,
      "totalQuantity": 6,
      "totalRevenue": 851.13,
      "avgUnitPrice": 117.075,
      "firstSaleDate": "2025-10-05T20:00:00.000Z",
      "lastSaleDate": "2025-10-14T20:00:00.000Z"
    },
    {
      "name": "Beef Kabab 1 KG",
      "category": "Basic Sub- Recipe",
      "productGroup": "Food Items",
      "barcode": "0123457001",
      "unitOfMeasure": "KG",
      "timesSold": 3,
      "totalQuantity": 10.5,
      "totalRevenue": 846.61,
      "avgUnitPrice": 76.79,
      "firstSaleDate": "2025-09-07T20:00:00.000Z",
      "lastSaleDate": "2025-10-05T20:00:00.000Z"
    },
    {
      "name": "Fattouche 1 KG",
      "category": "Salads",
      "productGroup": "Food Items",
      "barcode": "0123457749",
      "unitOfMeasure": "KG",
      "timesSold": 1,
      "totalQuantity": 20,
      "totalRevenue": 840,
      "avgUnitPrice": 40,
      "firstSaleDate": "2025-12-03T20:00:00.000Z",
      "lastSaleDate": "2025-12-03T20:00:00.000Z"
    },
    {
      "name": "Bev Cool 4 School Berry Mix",
      "category": "Beverages",
      "productGroup": null,
      "barcode": null,
      "unitOfMeasure": "unit",
      "timesSold": 28,
      "totalQuantity": 278,
      "totalRevenue": 834,
      "avgUnitPrice": 2.86,
      "firstSaleDate": "2025-09-08T20:00:00.000Z",
      "lastSaleDate": "2025-11-02T20:00:00.000Z"
    },
    {
      "name": "Beef Stroganoff Platter",
      "category": "OBB",
      "productGroup": null,
      "barcode": "0123457031",
      "unitOfMeasure": "Portion",
      "timesSold": 9,
      "totalQuantity": 33,
      "totalRevenue": 825,
      "avgUnitPrice": 23.81,
      "firstSaleDate": "2026-01-05T20:00:00.000Z",
      "lastSaleDate": "2026-01-05T20:00:00.000Z"
    },
    {
      "name": "Beef Stroganoff 1 KG",
      "category": "Basic Sub- Recipe",
      "productGroup": "Food Items",
      "barcode": "0123457030",
      "unitOfMeasure": "KG",
      "timesSold": 5,
      "totalQuantity": 30.1,
      "totalRevenue": 792.75,
      "avgUnitPrice": 40,
      "firstSaleDate": "2025-08-31T20:00:00.000Z",
      "lastSaleDate": "2026-01-04T20:00:00.000Z"
    },
    {
      "name": "Fish Sweet & Sour Platter",
      "category": "OBB",
      "productGroup": null,
      "barcode": "0123457783",
      "unitOfMeasure": "Portion",
      "timesSold": 13,
      "totalQuantity": 36,
      "totalRevenue": 792,
      "avgUnitPrice": 20.95,
      "firstSaleDate": "2025-09-21T20:00:00.000Z",
      "lastSaleDate": "2025-12-02T20:00:00.000Z"
    },
    {
      "name": "Side Vermicelli Rice",
      "category": "Hot Meals",
      "productGroup": "Food Items",
      "barcode": "0123460797",
      "unitOfMeasure": "Portion",
      "timesSold": 28,
      "totalQuantity": 133,
      "totalRevenue": 786,
      "avgUnitPrice": 5.5060714285714285,
      "firstSaleDate": "2025-09-03T20:00:00.000Z",
      "lastSaleDate": "2026-01-07T20:00:00.000Z"
    },
    {
      "name": "Biryani Rice 1 Kg",
      "category": "Compound Sub- Recipe",
      "productGroup": "Food Items",
      "barcode": "0123457071",
      "unitOfMeasure": "KG",
      "timesSold": 7,
      "totalQuantity": 37.2,
      "totalRevenue": 781.2,
      "avgUnitPrice": 20,
      "firstSaleDate": "2025-09-07T20:00:00.000Z",
      "lastSaleDate": "2026-01-04T20:00:00.000Z"
    },
    {
      "name": "Chicken Fried Cubes 1 Kg",
      "category": "Compound Sub- Recipe",
      "productGroup": "Food Items",
      "barcode": null,
      "unitOfMeasure": "KG",
      "timesSold": 10,
      "totalQuantity": 15.2,
      "totalRevenue": 773.76,
      "avgUnitPrice": 47.95,
      "firstSaleDate": "2025-08-31T20:00:00.000Z",
      "lastSaleDate": "2026-01-11T20:00:00.000Z"
    },
    {
      "name": "Hm BBQ Cheesy Meatballs",
      "category": "Hot Meals",
      "productGroup": "Food Items",
      "barcode": "0123459378",
      "unitOfMeasure": "Portion",
      "timesSold": 15,
      "totalQuantity": 104,
      "totalRevenue": 765,
      "avgUnitPrice": 11.366,
      "firstSaleDate": "2025-09-03T20:00:00.000Z",
      "lastSaleDate": "2025-12-03T20:00:00.000Z"
    },
    {
      "name": "Full Board 4 Days",
      "category": "Subscriptions",
      "productGroup": null,
      "barcode": null,
      "unitOfMeasure": "unit",
      "timesSold": 2,
      "totalQuantity": 2,
      "totalRevenue": 756,
      "avgUnitPrice": 360,
      "firstSaleDate": "2025-10-21T20:00:00.000Z",
      "lastSaleDate": "2025-10-21T20:00:00.000Z"
    },
    {
      "name": "Hm Creamy Chicken With Mushroom",
      "category": "Hot Meals",
      "productGroup": "Food Items",
      "barcode": "0123459477",
      "unitOfMeasure": "Portion",
      "timesSold": 19,
      "totalQuantity": 109,
      "totalRevenue": 751.91,
      "avgUnitPrice": 7.217368421052631,
      "firstSaleDate": "2025-10-05T20:00:00.000Z",
      "lastSaleDate": "2025-12-05T20:00:00.000Z"
    },
    {
      "name": "Sauce Arrabbiata 1 KG",
      "category": "Basic Sub- Recipe",
      "productGroup": "Food Items",
      "barcode": "0123460594",
      "unitOfMeasure": "KG",
      "timesSold": 14,
      "totalQuantity": 66.8,
      "totalRevenue": 741.34,
      "avgUnitPrice": 12.656428571428572,
      "firstSaleDate": "2025-08-31T20:00:00.000Z",
      "lastSaleDate": "2026-01-11T20:00:00.000Z"
    },
    {
      "name": "Lasagne Bolognese Platter",
      "category": "OBB",
      "productGroup": null,
      "barcode": "0123459675",
      "unitOfMeasure": "Portion",
      "timesSold": 3,
      "totalQuantity": 38,
      "totalRevenue": 731.41,
      "avgUnitPrice": 19.05,
      "firstSaleDate": "2025-09-01T20:00:00.000Z",
      "lastSaleDate": "2025-10-12T20:00:00.000Z"
    },
    {
      "name": "Chicken Alfredo Ciabatta Bread",
      "category": "Sandwiches",
      "productGroup": "Food Items",
      "barcode": "0123457410",
      "unitOfMeasure": "Portion",
      "timesSold": 10,
      "totalQuantity": 72,
      "totalRevenue": 720.01,
      "avgUnitPrice": 9.52,
      "firstSaleDate": "2025-09-14T20:00:00.000Z",
      "lastSaleDate": "2025-10-05T20:00:00.000Z"
    },
    {
      "name": "Pizza Chicken Alfredo 23Cm",
      "category": "Pizza",
      "productGroup": "Food Items",
      "barcode": null,
      "unitOfMeasure": "unit",
      "timesSold": 11,
      "totalQuantity": 40,
      "totalRevenue": 720,
      "avgUnitPrice": 17.14,
      "firstSaleDate": "2026-01-06T20:00:00.000Z",
      "lastSaleDate": "2026-01-06T20:00:00.000Z"
    },
    {
      "name": "Sauce Pesto 1 KG",
      "category": "Basic Sub- Recipe",
      "productGroup": "Food Items",
      "barcode": "0123460647",
      "unitOfMeasure": "KG",
      "timesSold": 7,
      "totalQuantity": 10.2,
      "totalRevenue": 705.36,
      "avgUnitPrice": 65.86,
      "firstSaleDate": "2025-08-31T20:00:00.000Z",
      "lastSaleDate": "2025-10-19T20:00:00.000Z"
    },
    {
      "name": "Sauce Creamy Cheese",
      "category": "Compound Sub- Recipe",
      "productGroup": "Food Items",
      "barcode": "0123460619",
      "unitOfMeasure": "KG",
      "timesSold": 6,
      "totalQuantity": 26.8,
      "totalRevenue": 703.5,
      "avgUnitPrice": 25,
      "firstSaleDate": "2025-08-31T20:00:00.000Z",
      "lastSaleDate": "2025-11-16T20:00:00.000Z"
    },
    {
      "name": "Sauce Creamy Pesto 1 KG",
      "category": "Compound Sub- Recipe",
      "productGroup": "Food Items",
      "barcode": "0123460620",
      "unitOfMeasure": "LITRE",
      "timesSold": 9,
      "totalQuantity": 20.1,
      "totalRevenue": 696.47,
      "avgUnitPrice": 33,
      "firstSaleDate": "2025-08-31T20:00:00.000Z",
      "lastSaleDate": "2026-01-11T20:00:00.000Z"
    },
    {
      "name": "Chicken Katsu w Vegetables & Curry Sauce Platter",
      "category": "OBB",
      "productGroup": null,
      "barcode": null,
      "unitOfMeasure": "Portion",
      "timesSold": 11,
      "totalQuantity": 31,
      "totalRevenue": 682,
      "avgUnitPrice": 20.95,
      "firstSaleDate": "2026-01-04T20:00:00.000Z",
      "lastSaleDate": "2026-01-05T20:00:00.000Z"
    },
    {
      "name": "Oriental Rice 1 KG",
      "category": "Compound Sub- Recipe",
      "productGroup": "Food Items",
      "barcode": "0123460238",
      "unitOfMeasure": "KG",
      "timesSold": 5,
      "totalQuantity": 32.45,
      "totalRevenue": 681.45,
      "avgUnitPrice": 20,
      "firstSaleDate": "2025-09-07T20:00:00.000Z",
      "lastSaleDate": "2026-01-04T20:00:00.000Z"
    },
    {
      "name": "Stuffed Zucchini in Yogurt Platter",
      "category": "OBB",
      "productGroup": null,
      "barcode": null,
      "unitOfMeasure": "Portion",
      "timesSold": 10,
      "totalQuantity": 34,
      "totalRevenue": 680,
      "avgUnitPrice": 19.05,
      "firstSaleDate": "2025-09-15T20:00:00.000Z",
      "lastSaleDate": "2025-10-13T20:00:00.000Z"
    },
    {
      "name": "Beef Tacos 1 Kg",
      "category": "Basic Sub- Recipe",
      "productGroup": "Food Items",
      "barcode": "0123457033",
      "unitOfMeasure": "KG",
      "timesSold": 4,
      "totalQuantity": 11.4,
      "totalRevenue": 667.18,
      "avgUnitPrice": 56.75,
      "firstSaleDate": "2025-09-16T20:00:00.000Z",
      "lastSaleDate": "2026-01-11T20:00:00.000Z"
    },
    {
      "name": "Moudardara and Cabbage Salad Platter",
      "category": "OBB",
      "productGroup": null,
      "barcode": "0123459839",
      "unitOfMeasure": "Portion",
      "timesSold": 15,
      "totalQuantity": 34,
      "totalRevenue": 645.97,
      "avgUnitPrice": 18.156666666666666,
      "firstSaleDate": "2025-09-01T20:00:00.000Z",
      "lastSaleDate": "2025-09-29T20:00:00.000Z"
    },
    {
      "name": "Salad Bar 250G",
      "category": "Salads",
      "productGroup": "Food Items",
      "barcode": null,
      "unitOfMeasure": "unit",
      "timesSold": 8,
      "totalQuantity": 64,
      "totalRevenue": 640,
      "avgUnitPrice": 9.52,
      "firstSaleDate": "2025-08-31T20:00:00.000Z",
      "lastSaleDate": "2026-01-06T20:00:00.000Z"
    },
    {
      "name": "Soft Egg Bun",
      "category": "Breakfast",
      "productGroup": "Food Items",
      "barcode": null,
      "unitOfMeasure": "unit",
      "timesSold": 20,
      "totalQuantity": 96,
      "totalRevenue": 623,
      "avgUnitPrice": 5.6695,
      "firstSaleDate": "2025-09-01T20:00:00.000Z",
      "lastSaleDate": "2025-11-27T20:00:00.000Z"
    },
    {
      "name": "Hm Chicken Kiev with Potato Wedges",
      "category": "Hot Meals",
      "productGroup": "Food Items",
      "barcode": null,
      "unitOfMeasure": "Portion",
      "timesSold": 5,
      "totalQuantity": 28,
      "totalRevenue": 616,
      "avgUnitPrice": 20.95,
      "firstSaleDate": "2025-09-03T20:00:00.000Z",
      "lastSaleDate": "2025-11-10T20:00:00.000Z"
    },
    {
      "name": "Chicken Pie by Unit",
      "category": "Compound Sub- Recipe",
      "productGroup": "Food Items",
      "barcode": "0123457512",
      "unitOfMeasure": "Portion",
      "timesSold": 3,
      "totalQuantity": 143,
      "totalRevenue": 600.6,
      "avgUnitPrice": 4,
      "firstSaleDate": "2025-09-16T20:00:00.000Z",
      "lastSaleDate": "2025-11-09T20:00:00.000Z"
    },
    {
      "name": "Pizza Chocolate Ganache & Banana 23Cm",
      "category": "Pizza",
      "productGroup": "Food Items",
      "barcode": null,
      "unitOfMeasure": "unit",
      "timesSold": 9,
      "totalQuantity": 40,
      "totalRevenue": 600,
      "avgUnitPrice": 14.29,
      "firstSaleDate": "2026-01-06T20:00:00.000Z",
      "lastSaleDate": "2026-01-07T20:00:00.000Z"
    },
    {
      "name": "Chicken Escalope With Creamy Mushroom Sauce Platter",
      "category": "OBB",
      "productGroup": null,
      "barcode": "0123457457",
      "unitOfMeasure": "Portion",
      "timesSold": 4,
      "totalQuantity": 27,
      "totalRevenue": 594,
      "avgUnitPrice": 20.95,
      "firstSaleDate": "2025-11-10T20:00:00.000Z",
      "lastSaleDate": "2025-11-17T20:00:00.000Z"
    },
    {
      "name": "Loaf English Cake White",
      "category": "Basic Sub- Recipe",
      "productGroup": "Food Items",
      "barcode": "0123459715",
      "unitOfMeasure": "unit",
      "timesSold": 19,
      "totalQuantity": 46.8,
      "totalRevenue": 584.89,
      "avgUnitPrice": 9.866315789473685,
      "firstSaleDate": "2025-08-31T20:00:00.000Z",
      "lastSaleDate": "2026-01-04T20:00:00.000Z"
    },
    {
      "name": "Eggplant Mousaka Platter",
      "category": "OBB",
      "productGroup": null,
      "barcode": "0123459844",
      "unitOfMeasure": "Portion",
      "timesSold": 8,
      "totalQuantity": 29,
      "totalRevenue": 580,
      "avgUnitPrice": 19.05,
      "firstSaleDate": "2025-09-01T20:00:00.000Z",
      "lastSaleDate": "2025-10-08T20:00:00.000Z"
    },
    {
      "name": "Hm Beef Piccata",
      "category": "Hot Meals",
      "productGroup": "Food Items",
      "barcode": "0123459403",
      "unitOfMeasure": "Portion",
      "timesSold": 8,
      "totalQuantity": 34,
      "totalRevenue": 567,
      "avgUnitPrice": 16.07125,
      "firstSaleDate": "2025-09-01T20:00:00.000Z",
      "lastSaleDate": "2025-09-30T20:00:00.000Z"
    },
    {
      "name": "Chicken Stuffed For Oriental Chicken 1 KG",
      "category": "Compound Sub- Recipe",
      "productGroup": "Food Items",
      "barcode": "0123457534",
      "unitOfMeasure": "KG",
      "timesSold": 4,
      "totalQuantity": 12.6,
      "totalRevenue": 566.61,
      "avgUnitPrice": 42.1725,
      "firstSaleDate": "2025-09-21T20:00:00.000Z",
      "lastSaleDate": "2026-01-04T20:00:00.000Z"
    },
    {
      "name": "White Sauce 1 KG",
      "category": "Basic Sub- Recipe",
      "productGroup": "Food Items",
      "barcode": "0123461207",
      "unitOfMeasure": "KG",
      "timesSold": 8,
      "totalQuantity": 37.7,
      "totalRevenue": 562.31,
      "avgUnitPrice": 14.21,
      "firstSaleDate": "2025-08-31T20:00:00.000Z",
      "lastSaleDate": "2026-01-11T20:00:00.000Z"
    },
    {
      "name": "Beef Piccata over Spaghetti Platter",
      "category": "OBB",
      "productGroup": null,
      "barcode": null,
      "unitOfMeasure": "Portion",
      "timesSold": 11,
      "totalQuantity": 22,
      "totalRevenue": 550,
      "avgUnitPrice": 23.81,
      "firstSaleDate": "2026-01-04T20:00:00.000Z",
      "lastSaleDate": "2026-01-05T20:00:00.000Z"
    },
    {
      "name": "Hm Chicken Burger with French Fries",
      "category": "Hot Meals",
      "productGroup": "Food Items",
      "barcode": null,
      "unitOfMeasure": "Portion",
      "timesSold": 3,
      "totalQuantity": 36,
      "totalRevenue": 540.01,
      "avgUnitPrice": 14.29,
      "firstSaleDate": "2025-11-09T20:00:00.000Z",
      "lastSaleDate": "2025-12-03T20:00:00.000Z"
    },
    {
      "name": "Shrimp Fried Rice Platter",
      "category": "OBB",
      "productGroup": null,
      "barcode": null,
      "unitOfMeasure": "Portion",
      "timesSold": 9,
      "totalQuantity": 22,
      "totalRevenue": 529,
      "avgUnitPrice": 23.594444444444445,
      "firstSaleDate": "2025-09-16T20:00:00.000Z",
      "lastSaleDate": "2025-10-14T20:00:00.000Z"
    },
    {
      "name": "Falafel Platter",
      "category": "OBB",
      "productGroup": null,
      "barcode": null,
      "unitOfMeasure": "Portion",
      "timesSold": 9,
      "totalQuantity": 35,
      "totalRevenue": 525,
      "avgUnitPrice": 14.29,
      "firstSaleDate": "2025-09-08T20:00:00.000Z",
      "lastSaleDate": "2025-10-21T20:00:00.000Z"
    },
    {
      "name": "Fish Harra W/ Potato Coriander Platter",
      "category": "Hot Meals",
      "productGroup": "Food Items",
      "barcode": "0123457776",
      "unitOfMeasure": "Portion",
      "timesSold": 7,
      "totalQuantity": 22,
      "totalRevenue": 520,
      "avgUnitPrice": 22.992857142857144,
      "firstSaleDate": "2025-09-24T20:00:00.000Z",
      "lastSaleDate": "2025-11-24T20:00:00.000Z"
    },
    {
      "name": "Hm Fusion Kebbe Balls with Tzatziki Sauce",
      "category": "Hot Meals",
      "productGroup": "Food Items",
      "barcode": null,
      "unitOfMeasure": "Portion",
      "timesSold": 12,
      "totalQuantity": 118,
      "totalRevenue": 520,
      "avgUnitPrice": 12.696666666666667,
      "firstSaleDate": "2025-09-10T20:00:00.000Z",
      "lastSaleDate": "2025-11-09T20:00:00.000Z"
    },
    {
      "name": "Grilled Fish With Garlic & Cilantro with Vegetables Platter",
      "category": "OBB",
      "productGroup": null,
      "barcode": "0123457792",
      "unitOfMeasure": "Portion",
      "timesSold": 8,
      "totalQuantity": 21,
      "totalRevenue": 516,
      "avgUnitPrice": 23.4525,
      "firstSaleDate": "2025-09-28T20:00:00.000Z",
      "lastSaleDate": "2026-01-05T20:00:00.000Z"
    },
    {
      "name": "Pizza Veggie Supreme 23Cm",
      "category": "Pizza",
      "productGroup": "Food Items",
      "barcode": null,
      "unitOfMeasure": "unit",
      "timesSold": 10,
      "totalQuantity": 36,
      "totalRevenue": 504,
      "avgUnitPrice": 13.33,
      "firstSaleDate": "2026-01-06T20:00:00.000Z",
      "lastSaleDate": "2026-01-06T20:00:00.000Z"
    },
    {
      "name": "Chicken Oven Baked 1 KG",
      "category": "Basic Sub- Recipe",
      "productGroup": "Food Items",
      "barcode": "0123457504",
      "unitOfMeasure": "KG",
      "timesSold": 4,
      "totalQuantity": 94.4,
      "totalRevenue": 494.75,
      "avgUnitPrice": 26.37,
      "firstSaleDate": "2025-09-14T20:00:00.000Z",
      "lastSaleDate": "2025-11-09T20:00:00.000Z"
    },
    {
      "name": "Sal Season 250G",
      "category": "Salads",
      "productGroup": "Food Items",
      "barcode": "0123460533",
      "unitOfMeasure": "unit",
      "timesSold": 57,
      "totalQuantity": 816,
      "totalRevenue": 490,
      "avgUnitPrice": 5.344561403508772,
      "firstSaleDate": "2025-08-31T20:00:00.000Z",
      "lastSaleDate": "2026-01-09T20:00:00.000Z"
    },
    {
      "name": "Beef For Burrito",
      "category": "Basic Sub- Recipe",
      "productGroup": "Food Items",
      "barcode": "0123456995",
      "unitOfMeasure": "KG",
      "timesSold": 4,
      "totalQuantity": 11,
      "totalRevenue": 485.1,
      "avgUnitPrice": 42,
      "firstSaleDate": "2025-09-16T20:00:00.000Z",
      "lastSaleDate": "2025-10-19T20:00:00.000Z"
    },
    {
      "name": "Hm Green Peas Stew",
      "category": "Hot Meals",
      "productGroup": "Food Items",
      "barcode": "0123459511",
      "unitOfMeasure": "Portion",
      "timesSold": 11,
      "totalQuantity": 32,
      "totalRevenue": 480,
      "avgUnitPrice": 14.29,
      "firstSaleDate": "2025-09-23T20:00:00.000Z",
      "lastSaleDate": "2026-01-06T20:00:00.000Z"
    },
    {
      "name": "Blanquette de Boeuf ( French Stew ) Platter",
      "category": "OBB",
      "productGroup": null,
      "barcode": null,
      "unitOfMeasure": "Portion",
      "timesSold": 5,
      "totalQuantity": 19,
      "totalRevenue": 475,
      "avgUnitPrice": 23.81,
      "firstSaleDate": "2026-01-07T20:00:00.000Z",
      "lastSaleDate": "2026-01-07T20:00:00.000Z"
    },
    {
      "name": "Hm Chicken Supreme With Rice",
      "category": "Hot Meals",
      "productGroup": "Food Items",
      "barcode": "0123459461",
      "unitOfMeasure": "Portion",
      "timesSold": 7,
      "totalQuantity": 34,
      "totalRevenue": 464.01,
      "avgUnitPrice": 10.34142857142857,
      "firstSaleDate": "2025-09-10T20:00:00.000Z",
      "lastSaleDate": "2025-10-06T20:00:00.000Z"
    },
    {
      "name": "Breakfast per person",
      "category": "Breakfast",
      "productGroup": "Food Items",
      "barcode": null,
      "unitOfMeasure": "unit",
      "timesSold": 39,
      "totalQuantity": 39,
      "totalRevenue": 449.9,
      "avgUnitPrice": 11,
      "firstSaleDate": "2025-08-31T20:00:00.000Z",
      "lastSaleDate": "2025-10-23T20:00:00.000Z"
    },
    {
      "name": "Chicken Cordon Bleu KG (8 Pcs)",
      "category": "Basic Sub- Recipe",
      "productGroup": "Food Items",
      "barcode": "0123457442",
      "unitOfMeasure": "KG",
      "timesSold": 3,
      "totalQuantity": 9.5,
      "totalRevenue": 445.4,
      "avgUnitPrice": 44.65,
      "firstSaleDate": "2025-09-07T20:00:00.000Z",
      "lastSaleDate": "2025-10-05T20:00:00.000Z"
    },
    {
      "name": "Fish Fillet w Creamy Dill sauce & Veggies Platter",
      "category": "OBB",
      "productGroup": null,
      "barcode": null,
      "unitOfMeasure": "Portion",
      "timesSold": 6,
      "totalQuantity": 19,
      "totalRevenue": 445,
      "avgUnitPrice": 23.016666666666666,
      "firstSaleDate": "2025-09-07T20:00:00.000Z",
      "lastSaleDate": "2026-01-06T20:00:00.000Z"
    },
    {
      "name": "Beef Mongolian 1 KG",
      "category": "Compound Sub- Recipe",
      "productGroup": "Food Items",
      "barcode": "0123457014",
      "unitOfMeasure": "KG",
      "timesSold": 3,
      "totalQuantity": 6.5,
      "totalRevenue": 438.17,
      "avgUnitPrice": 63.86,
      "firstSaleDate": "2025-08-31T20:00:00.000Z",
      "lastSaleDate": "2025-11-09T20:00:00.000Z"
    },
    {
      "name": "Beef Kafta Saynieh 1 KG",
      "category": "Compound Sub- Recipe",
      "productGroup": "Food Items",
      "barcode": "0123457005",
      "unitOfMeasure": "KG",
      "timesSold": 3,
      "totalQuantity": 17.32,
      "totalRevenue": 432.25,
      "avgUnitPrice": 23.77,
      "firstSaleDate": "2025-09-16T20:00:00.000Z",
      "lastSaleDate": "2025-11-09T20:00:00.000Z"
    },
    {
      "name": "Beef Kabab with Tahini  Platter",
      "category": "OBB",
      "productGroup": null,
      "barcode": null,
      "unitOfMeasure": "Portion",
      "timesSold": 4,
      "totalQuantity": 19,
      "totalRevenue": 418,
      "avgUnitPrice": 20.95,
      "firstSaleDate": "2025-10-14T20:00:00.000Z",
      "lastSaleDate": "2025-11-11T20:00:00.000Z"
    },
    {
      "name": "Chich Barak",
      "category": "Compound Sub- Recipe",
      "productGroup": "Food Items",
      "barcode": "0123457406",
      "unitOfMeasure": "unit",
      "timesSold": 4,
      "totalQuantity": 762,
      "totalRevenue": 400.06,
      "avgUnitPrice": 0.5,
      "firstSaleDate": "2025-08-31T20:00:00.000Z",
      "lastSaleDate": "2026-01-11T20:00:00.000Z"
    },
    {
      "name": "Chocolate Eclair Big",
      "category": "Desserts",
      "productGroup": "Food Items",
      "barcode": "0123457577",
      "unitOfMeasure": "unit",
      "timesSold": 24,
      "totalQuantity": 70,
      "totalRevenue": 400,
      "avgUnitPrice": 2.8575,
      "firstSaleDate": "2025-08-31T20:00:00.000Z",
      "lastSaleDate": "2025-12-05T20:00:00.000Z"
    },
    {
      "name": "Chicken Supreme 1 KG",
      "category": "Compound Sub- Recipe",
      "productGroup": "Food Items",
      "barcode": "0123457536",
      "unitOfMeasure": "KG",
      "timesSold": 2,
      "totalQuantity": 11.8,
      "totalRevenue": 396.48,
      "avgUnitPrice": 32,
      "firstSaleDate": "2025-10-05T20:00:00.000Z",
      "lastSaleDate": "2025-11-09T20:00:00.000Z"
    },
    {
      "name": "Creamy Cajun Sauce Kg",
      "category": "Basic Sub- Recipe",
      "productGroup": "Food Items",
      "barcode": "0123457637",
      "unitOfMeasure": "KG",
      "timesSold": 4,
      "totalQuantity": 8.3,
      "totalRevenue": 394.69,
      "avgUnitPrice": 45.29,
      "firstSaleDate": "2025-09-07T20:00:00.000Z",
      "lastSaleDate": "2025-10-19T20:00:00.000Z"
    },
    {
      "name": "Hm Potato Baked",
      "category": "Hot Meals",
      "productGroup": "Food Items",
      "barcode": "0123459550",
      "unitOfMeasure": "Portion",
      "timesSold": 1,
      "totalQuantity": 49,
      "totalRevenue": 392,
      "avgUnitPrice": 7.62,
      "firstSaleDate": "2025-09-17T20:00:00.000Z",
      "lastSaleDate": "2025-09-17T20:00:00.000Z"
    },
    {
      "name": "Hm Beef Teriyaki",
      "category": "Hot Meals",
      "productGroup": "Food Items",
      "barcode": "0123459413",
      "unitOfMeasure": "Portion",
      "timesSold": 9,
      "totalQuantity": 22,
      "totalRevenue": 388.29,
      "avgUnitPrice": 16.823333333333334,
      "firstSaleDate": "2025-09-29T20:00:00.000Z",
      "lastSaleDate": "2025-12-03T20:00:00.000Z"
    },
    {
      "name": "Sauce Caesar 1 KG",
      "category": "Compound Sub- Recipe",
      "productGroup": "Food Items",
      "barcode": "0123460605",
      "unitOfMeasure": "KG",
      "timesSold": 11,
      "totalQuantity": 25,
      "totalRevenue": 378,
      "avgUnitPrice": 16.363636363636363,
      "firstSaleDate": "2025-08-31T20:00:00.000Z",
      "lastSaleDate": "2026-01-11T20:00:00.000Z"
    },
    {
      "name": "Roast Beef With Vegetables Yorkshire Pudding Platter",
      "category": "OBB",
      "productGroup": null,
      "barcode": "0123460475",
      "unitOfMeasure": "Portion",
      "timesSold": 7,
      "totalQuantity": 15,
      "totalRevenue": 375,
      "avgUnitPrice": 23.81,
      "firstSaleDate": "2026-01-05T20:00:00.000Z",
      "lastSaleDate": "2026-01-07T20:00:00.000Z"
    },
    {
      "name": "Brk Croissant Plain 150 Gr",
      "category": "Breakfast",
      "productGroup": "Food Items",
      "barcode": null,
      "unitOfMeasure": "unit",
      "timesSold": 4,
      "totalQuantity": 34,
      "totalRevenue": 374,
      "avgUnitPrice": 10.48,
      "firstSaleDate": "2025-11-09T20:00:00.000Z",
      "lastSaleDate": "2025-11-12T20:00:00.000Z"
    },
    {
      "name": "Creamy Tuscan Salmon With Tagliatelle Platter",
      "category": "OBB",
      "productGroup": null,
      "barcode": "0123457658",
      "unitOfMeasure": "Portion",
      "timesSold": 5,
      "totalQuantity": 17,
      "totalRevenue": 374,
      "avgUnitPrice": 20.378,
      "firstSaleDate": "2025-09-03T20:00:00.000Z",
      "lastSaleDate": "2025-12-03T20:00:00.000Z"
    },
    {
      "name": "Sauce Creamy Salmon 1 KG",
      "category": "Basic Sub- Recipe",
      "productGroup": "Food Items",
      "barcode": "0123460622",
      "unitOfMeasure": "KG",
      "timesSold": 1,
      "totalQuantity": 6.4,
      "totalRevenue": 369.6,
      "avgUnitPrice": 55,
      "firstSaleDate": "2025-08-31T20:00:00.000Z",
      "lastSaleDate": "2025-08-31T20:00:00.000Z"
    },
    {
      "name": "Dredge For Chicken",
      "category": "Basic Sub- Recipe",
      "productGroup": "Food Items",
      "barcode": "0123457709",
      "unitOfMeasure": "KG",
      "timesSold": 8,
      "totalQuantity": 31.18,
      "totalRevenue": 366.36,
      "avgUnitPrice": 11.19,
      "firstSaleDate": "2025-08-31T20:00:00.000Z",
      "lastSaleDate": "2026-01-11T20:00:00.000Z"
    },
    {
      "name": "Teriyaki Salmon with veggies & Mashed Potatoes Platter",
      "category": "OBB",
      "productGroup": null,
      "barcode": null,
      "unitOfMeasure": "Portion",
      "timesSold": 6,
      "totalQuantity": 13,
      "totalRevenue": 364,
      "avgUnitPrice": 26.67,
      "firstSaleDate": "2025-09-15T20:00:00.000Z",
      "lastSaleDate": "2025-09-15T20:00:00.000Z"
    },
    {
      "name": "Sauce Chicken King 1 KG",
      "category": "Basic Sub- Recipe",
      "productGroup": "Food Items",
      "barcode": "0123457478",
      "unitOfMeasure": "KG",
      "timesSold": 5,
      "totalQuantity": 12.75,
      "totalRevenue": 355.86,
      "avgUnitPrice": 30.408,
      "firstSaleDate": "2025-09-07T20:00:00.000Z",
      "lastSaleDate": "2026-01-11T20:00:00.000Z"
    },
    {
      "name": "Chicken Biryani Marination 1KG",
      "category": "Basic Sub- Recipe",
      "productGroup": "Food Items",
      "barcode": "0123457414",
      "unitOfMeasure": "KG",
      "timesSold": 5,
      "totalQuantity": 12.75,
      "totalRevenue": 352.13,
      "avgUnitPrice": 26.132,
      "firstSaleDate": "2025-10-05T20:00:00.000Z",
      "lastSaleDate": "2026-01-04T20:00:00.000Z"
    },
    {
      "name": "Hm Chicken Tenders with Honey Mustard Sauce",
      "category": "Hot Meals",
      "productGroup": "Food Items",
      "barcode": null,
      "unitOfMeasure": "Portion",
      "timesSold": 4,
      "totalQuantity": 20,
      "totalRevenue": 348,
      "avgUnitPrice": 16.4275,
      "firstSaleDate": "2025-09-02T20:00:00.000Z",
      "lastSaleDate": "2025-11-25T20:00:00.000Z"
    },
    {
      "name": "Stuffed Eggplant ( Sheikh El Mehchi ) With Tomato Sauce Platter",
      "category": "OBB",
      "productGroup": null,
      "barcode": "0123460871",
      "unitOfMeasure": "Portion",
      "timesSold": 7,
      "totalQuantity": 17,
      "totalRevenue": 340,
      "avgUnitPrice": 19.05,
      "firstSaleDate": "2025-09-01T20:00:00.000Z",
      "lastSaleDate": "2025-10-01T20:00:00.000Z"
    },
    {
      "name": "Beef Broccoli 1 KG",
      "category": "Basic Sub- Recipe",
      "productGroup": "Food Items",
      "barcode": "0123456981",
      "unitOfMeasure": "KG",
      "timesSold": 2,
      "totalQuantity": 7.2,
      "totalRevenue": 336.99,
      "avgUnitPrice": 44.58,
      "firstSaleDate": "2025-09-21T20:00:00.000Z",
      "lastSaleDate": "2025-10-19T20:00:00.000Z"
    },
    {
      "name": "Beef Kafta Dough 1 KG",
      "category": "Basic Sub- Recipe",
      "productGroup": "Food Items",
      "barcode": "0123457004",
      "unitOfMeasure": "KG",
      "timesSold": 3,
      "totalQuantity": 6.96,
      "totalRevenue": 336.17,
      "avgUnitPrice": 46,
      "firstSaleDate": "2025-10-19T20:00:00.000Z",
      "lastSaleDate": "2026-01-11T20:00:00.000Z"
    },
    {
      "name": "Potato Wedges 1 KG",
      "category": "Basic Sub- Recipe",
      "productGroup": "Food Items",
      "barcode": "0123460406",
      "unitOfMeasure": "KG",
      "timesSold": 30,
      "totalQuantity": 136.8,
      "totalRevenue": 333.91,
      "avgUnitPrice": 2.13,
      "firstSaleDate": "2025-08-31T20:00:00.000Z",
      "lastSaleDate": "2025-11-09T20:00:00.000Z"
    },
    {
      "name": "Brk Cinnamon Swirl 35g",
      "category": "Breakfast",
      "productGroup": "Food Items",
      "barcode": null,
      "unitOfMeasure": "unit",
      "timesSold": 6,
      "totalQuantity": 66,
      "totalRevenue": 330,
      "avgUnitPrice": 4.76,
      "firstSaleDate": "2025-09-28T20:00:00.000Z",
      "lastSaleDate": "2026-01-07T20:00:00.000Z"
    },
    {
      "name": "Grilled Fish with Cilantro & Garlic Platter",
      "category": "All",
      "productGroup": null,
      "barcode": null,
      "unitOfMeasure": "Portion",
      "timesSold": 6,
      "totalQuantity": 15,
      "totalRevenue": 330,
      "avgUnitPrice": 20.95,
      "firstSaleDate": "2025-08-31T20:00:00.000Z",
      "lastSaleDate": "2025-09-28T20:00:00.000Z"
    },
    {
      "name": "Sauce Cacciatore 1 KG",
      "category": "Basic Sub- Recipe",
      "productGroup": "Food Items",
      "barcode": "0123457430",
      "unitOfMeasure": "KG",
      "timesSold": 5,
      "totalQuantity": 8.6,
      "totalRevenue": 325.08,
      "avgUnitPrice": 36,
      "firstSaleDate": "2025-09-16T20:00:00.000Z",
      "lastSaleDate": "2026-01-11T20:00:00.000Z"
    },
    {
      "name": "Hm Oven Baked French Fries",
      "category": "Hot Meals",
      "productGroup": "Food Items",
      "barcode": "0123459531",
      "unitOfMeasure": "Portion",
      "timesSold": 4,
      "totalQuantity": 40,
      "totalRevenue": 320,
      "avgUnitPrice": 7.62,
      "firstSaleDate": "2025-09-21T20:00:00.000Z",
      "lastSaleDate": "2025-10-21T20:00:00.000Z"
    },
    {
      "name": "Hm Beef Kebbe Saynieh",
      "category": "Hot Meals",
      "productGroup": "Food Items",
      "barcode": "0123459398",
      "unitOfMeasure": "Portion",
      "timesSold": 3,
      "totalQuantity": 12,
      "totalRevenue": 312,
      "avgUnitPrice": 24.763333333333332,
      "firstSaleDate": "2025-09-07T20:00:00.000Z",
      "lastSaleDate": "2025-11-05T20:00:00.000Z"
    },
    {
      "name": "Side Potato Dauphinoise",
      "category": "Appetizers",
      "productGroup": "Food Items",
      "barcode": "0123459552",
      "unitOfMeasure": "Portion",
      "timesSold": 7,
      "totalQuantity": 44,
      "totalRevenue": 312,
      "avgUnitPrice": 7.074285714285715,
      "firstSaleDate": "2025-09-17T20:00:00.000Z",
      "lastSaleDate": "2025-11-12T20:00:00.000Z"
    },
    {
      "name": "Mouloukhieh 1 KG",
      "category": "Basic Sub- Recipe",
      "productGroup": "Food Items",
      "barcode": "0123459841",
      "unitOfMeasure": "KG",
      "timesSold": 2,
      "totalQuantity": 4.66,
      "totalRevenue": 308.26,
      "avgUnitPrice": 63,
      "firstSaleDate": "2025-09-07T20:00:00.000Z",
      "lastSaleDate": "2025-09-21T20:00:00.000Z"
    },
    {
      "name": "Grilled Chicken With Soubise Sauce Platter",
      "category": "OBB",
      "productGroup": null,
      "barcode": "0123457901",
      "unitOfMeasure": "Portion",
      "timesSold": 4,
      "totalQuantity": 14,
      "totalRevenue": 308,
      "avgUnitPrice": 20.95,
      "firstSaleDate": "2026-01-07T20:00:00.000Z",
      "lastSaleDate": "2026-01-07T20:00:00.000Z"
    },
    {
      "name": "Fish & Chips Platter",
      "category": "OBB",
      "productGroup": null,
      "barcode": "0123457762",
      "unitOfMeasure": "Portion",
      "timesSold": 3,
      "totalQuantity": 13,
      "totalRevenue": 301,
      "avgUnitPrice": 22.536666666666665,
      "firstSaleDate": "2025-09-07T20:00:00.000Z",
      "lastSaleDate": "2025-11-11T20:00:00.000Z"
    },
    {
      "name": "Cooked Vermicelli Rice 1 KG",
      "category": "Basic Sub- Recipe",
      "productGroup": "Food Items",
      "barcode": "0123457613",
      "unitOfMeasure": "KG",
      "timesSold": 9,
      "totalQuantity": 39,
      "totalRevenue": 300.17,
      "avgUnitPrice": 7.33,
      "firstSaleDate": "2025-08-31T20:00:00.000Z",
      "lastSaleDate": "2026-01-04T20:00:00.000Z"
    },
    {
      "name": "Potato Wedges Supplier",
      "category": "Fruits & Vegetables",
      "productGroup": null,
      "barcode": "0123460407",
      "unitOfMeasure": "KG",
      "timesSold": 2,
      "totalQuantity": 20,
      "totalRevenue": 300,
      "avgUnitPrice": 15,
      "firstSaleDate": "2025-11-07T20:00:00.000Z",
      "lastSaleDate": "2026-01-09T20:00:00.000Z"
    },
    {
      "name": "Beef Kebbe Kras Supplier",
      "category": "Mezza",
      "productGroup": "Food Items",
      "barcode": "0123457008",
      "unitOfMeasure": "unit",
      "timesSold": 15,
      "totalQuantity": 555,
      "totalRevenue": 298.2,
      "avgUnitPrice": 0.26666666666666666,
      "firstSaleDate": "2025-08-31T20:00:00.000Z",
      "lastSaleDate": "2025-11-09T20:00:00.000Z"
    },
    {
      "name": "Shrimp Fried Rice 1 KG",
      "category": "Hot Meals",
      "productGroup": "Food Items",
      "barcode": "0123460773",
      "unitOfMeasure": "KG",
      "timesSold": 2,
      "totalQuantity": 6,
      "totalRevenue": 283.5,
      "avgUnitPrice": 45,
      "firstSaleDate": "2025-09-16T20:00:00.000Z",
      "lastSaleDate": "2025-10-12T20:00:00.000Z"
    },
    {
      "name": "Coca Cola",
      "category": "Beverages",
      "productGroup": null,
      "barcode": null,
      "unitOfMeasure": "unit",
      "timesSold": 21,
      "totalQuantity": 66,
      "totalRevenue": 281.99,
      "avgUnitPrice": 4.6242857142857146,
      "firstSaleDate": "2025-08-31T20:00:00.000Z",
      "lastSaleDate": "2025-11-26T20:00:00.000Z"
    },
    {
      "name": "Side Saffron Rice",
      "category": "Hot Meals",
      "productGroup": "Food Items",
      "barcode": "0123460793",
      "unitOfMeasure": "Portion",
      "timesSold": 13,
      "totalQuantity": 53,
      "totalRevenue": 276,
      "avgUnitPrice": 4.831538461538462,
      "firstSaleDate": "2025-09-23T20:00:00.000Z",
      "lastSaleDate": "2025-11-18T20:00:00.000Z"
    },
    {
      "name": "Chicken with Herbed Butter sauce Platter",
      "category": "OBB",
      "productGroup": null,
      "barcode": null,
      "unitOfMeasure": "Portion",
      "timesSold": 3,
      "totalQuantity": 11,
      "totalRevenue": 275,
      "avgUnitPrice": 23.81,
      "firstSaleDate": "2026-01-05T20:00:00.000Z",
      "lastSaleDate": "2026-01-06T20:00:00.000Z"
    },
    {
      "name": "Hm Chicken Grilled With Herbs",
      "category": "Hot Meals",
      "productGroup": "Food Items",
      "barcode": "0123459440",
      "unitOfMeasure": "Portion",
      "timesSold": 2,
      "totalQuantity": 21,
      "totalRevenue": 273,
      "avgUnitPrice": 12.38,
      "firstSaleDate": "2025-09-10T20:00:00.000Z",
      "lastSaleDate": "2025-09-23T20:00:00.000Z"
    },
    {
      "name": "Orange Sauce 1 KG",
      "category": "Basic Sub- Recipe",
      "productGroup": "Food Items",
      "barcode": "0123457559",
      "unitOfMeasure": "KG",
      "timesSold": 3,
      "totalQuantity": 6.5,
      "totalRevenue": 273,
      "avgUnitPrice": 40,
      "firstSaleDate": "2025-09-07T20:00:00.000Z",
      "lastSaleDate": "2025-11-09T20:00:00.000Z"
    },
    {
      "name": "Hm Cheese Burger",
      "category": "Hot Meals",
      "productGroup": "Food Items",
      "barcode": "0123459418",
      "unitOfMeasure": "Portion",
      "timesSold": 3,
      "totalQuantity": 17,
      "totalRevenue": 271.95,
      "avgUnitPrice": 15.236666666666666,
      "firstSaleDate": "2025-09-14T20:00:00.000Z",
      "lastSaleDate": "2025-09-17T20:00:00.000Z"
    },
    {
      "name": "Rice Cantonese 1 Kg",
      "category": "Basic Sub- Recipe",
      "productGroup": "Food Items",
      "barcode": "0123460452",
      "unitOfMeasure": "KG",
      "timesSold": 18,
      "totalQuantity": 44.1,
      "totalRevenue": 270.06,
      "avgUnitPrice": 4.777777777777778,
      "firstSaleDate": "2025-08-31T20:00:00.000Z",
      "lastSaleDate": "2026-01-04T20:00:00.000Z"
    },
    {
      "name": "Chicken and Potato Croquettes 1 Kg",
      "category": "Compound Sub- Recipe",
      "productGroup": "Food Items",
      "barcode": "0123457411",
      "unitOfMeasure": "KG",
      "timesSold": 5,
      "totalQuantity": 11.85,
      "totalRevenue": 263.76,
      "avgUnitPrice": 19.2,
      "firstSaleDate": "2025-08-31T20:00:00.000Z",
      "lastSaleDate": "2025-11-23T20:00:00.000Z"
    },
    {
      "name": "Water 1.5 L",
      "category": "Beverages",
      "productGroup": null,
      "barcode": null,
      "unitOfMeasure": "unit",
      "timesSold": 55,
      "totalQuantity": 86,
      "totalRevenue": 258,
      "avgUnitPrice": 2.86,
      "firstSaleDate": "2025-08-31T20:00:00.000Z",
      "lastSaleDate": "2026-01-11T20:00:00.000Z"
    },
    {
      "name": "Chicken Honey SR",
      "category": "Basic Sub- Recipe",
      "productGroup": "Food Items",
      "barcode": "0123457467",
      "unitOfMeasure": "KG",
      "timesSold": 3,
      "totalQuantity": 88,
      "totalRevenue": 257.26,
      "avgUnitPrice": 23.333333333333332,
      "firstSaleDate": "2025-08-31T20:00:00.000Z",
      "lastSaleDate": "2025-10-01T20:00:00.000Z"
    },
    {
      "name": "Brk Croissant Halloumi With Pesto",
      "category": "Sandwiches",
      "productGroup": "Food Items",
      "barcode": "0123457129",
      "unitOfMeasure": "unit",
      "timesSold": 11,
      "totalQuantity": 25,
      "totalRevenue": 252,
      "avgUnitPrice": 7.2736363636363635,
      "firstSaleDate": "2025-08-31T20:00:00.000Z",
      "lastSaleDate": "2025-12-04T20:00:00.000Z"
    },
    {
      "name": "Sauce Alfredo 1 KG",
      "category": "Basic Sub- Recipe",
      "productGroup": "Food Items",
      "barcode": "0123460592",
      "unitOfMeasure": "KG",
      "timesSold": 5,
      "totalQuantity": 16.7,
      "totalRevenue": 251.74,
      "avgUnitPrice": 14.36,
      "firstSaleDate": "2025-09-21T20:00:00.000Z",
      "lastSaleDate": "2026-01-11T20:00:00.000Z"
    },
    {
      "name": "Chicken Escalope With Florentine Sauce Platter",
      "category": "OBB",
      "productGroup": null,
      "barcode": "0123457458",
      "unitOfMeasure": "Portion",
      "timesSold": 2,
      "totalQuantity": 12,
      "totalRevenue": 251.42,
      "avgUnitPrice": 20.95,
      "firstSaleDate": "2025-09-21T20:00:00.000Z",
      "lastSaleDate": "2025-09-23T20:00:00.000Z"
    },
    {
      "name": "Pizza Apple Cinnamon 23Cm",
      "category": "Pizza",
      "productGroup": "Food Items",
      "barcode": null,
      "unitOfMeasure": "unit",
      "timesSold": 9,
      "totalQuantity": 25,
      "totalRevenue": 250,
      "avgUnitPrice": 9.52,
      "firstSaleDate": "2026-01-06T20:00:00.000Z",
      "lastSaleDate": "2026-01-06T20:00:00.000Z"
    },
    {
      "name": "Sauce Cheddar Cheese",
      "category": "Compound Sub- Recipe",
      "productGroup": "Food Items",
      "barcode": "0123460608",
      "unitOfMeasure": "KG",
      "timesSold": 5,
      "totalQuantity": 7,
      "totalRevenue": 242.33,
      "avgUnitPrice": 32.97,
      "firstSaleDate": "2025-08-31T20:00:00.000Z",
      "lastSaleDate": "2026-01-11T20:00:00.000Z"
    },
    {
      "name": "Chicken w Creamy Mustard & Tarragon Sauce Platter",
      "category": "OBB",
      "productGroup": null,
      "barcode": null,
      "unitOfMeasure": "Portion",
      "timesSold": 5,
      "totalQuantity": 16,
      "totalRevenue": 242,
      "avgUnitPrice": 16.76,
      "firstSaleDate": "2026-01-11T20:00:00.000Z",
      "lastSaleDate": "2026-01-11T20:00:00.000Z"
    },
    {
      "name": "Chicken Slaw Burger",
      "category": "Sandwiches",
      "productGroup": "Food Items",
      "barcode": null,
      "unitOfMeasure": "unit",
      "timesSold": 4,
      "totalQuantity": 16,
      "totalRevenue": 240,
      "avgUnitPrice": 14.29,
      "firstSaleDate": "2026-01-04T20:00:00.000Z",
      "lastSaleDate": "2026-01-11T20:00:00.000Z"
    },
    {
      "name": "Side Cantonese Rice",
      "category": "Hot Meals",
      "productGroup": "Food Items",
      "barcode": "0123460785",
      "unitOfMeasure": "Portion",
      "timesSold": 10,
      "totalQuantity": 33,
      "totalRevenue": 240,
      "avgUnitPrice": 6.285,
      "firstSaleDate": "2025-09-28T20:00:00.000Z",
      "lastSaleDate": "2026-01-05T20:00:00.000Z"
    },
    {
      "name": "Sweet and Sour Sauce 1 KG",
      "category": "Basic Sub- Recipe",
      "productGroup": "Food Items",
      "barcode": null,
      "unitOfMeasure": "KG",
      "timesSold": 4,
      "totalQuantity": 13.3,
      "totalRevenue": 237.41,
      "avgUnitPrice": 17,
      "firstSaleDate": "2025-09-16T20:00:00.000Z",
      "lastSaleDate": "2026-01-11T20:00:00.000Z"
    },
    {
      "name": "Shepherd's Pie Hachwe 1 KG",
      "category": "Compound Sub- Recipe",
      "productGroup": "Food Items",
      "barcode": "0123460764",
      "unitOfMeasure": "KG",
      "timesSold": 2,
      "totalQuantity": 10.4,
      "totalRevenue": 232.12,
      "avgUnitPrice": 21.26,
      "firstSaleDate": "2025-09-07T20:00:00.000Z",
      "lastSaleDate": "2025-10-05T20:00:00.000Z"
    },
    {
      "name": "Potato Dauphinoise 1 Kg",
      "category": "Basic Sub- Recipe",
      "productGroup": "Food Items",
      "barcode": null,
      "unitOfMeasure": "KG",
      "timesSold": 3,
      "totalQuantity": 11.5,
      "totalRevenue": 229.43,
      "avgUnitPrice": 19,
      "firstSaleDate": "2025-09-16T20:00:00.000Z",
      "lastSaleDate": "2025-11-09T20:00:00.000Z"
    },
    {
      "name": "Hm Beef Kabab with Tomato Sauce",
      "category": "Hot Meals",
      "productGroup": "Food Items",
      "barcode": null,
      "unitOfMeasure": "Portion",
      "timesSold": 13,
      "totalQuantity": 26,
      "totalRevenue": 229,
      "avgUnitPrice": 6.741538461538462,
      "firstSaleDate": "2025-09-07T20:00:00.000Z",
      "lastSaleDate": "2025-12-05T20:00:00.000Z"
    },
    {
      "name": "Beef Shawarma Platter",
      "category": "OBB",
      "productGroup": null,
      "barcode": "0123457021",
      "unitOfMeasure": "Portion",
      "timesSold": 2,
      "totalQuantity": 10,
      "totalRevenue": 224,
      "avgUnitPrice": 22.86,
      "firstSaleDate": "2025-09-21T20:00:00.000Z",
      "lastSaleDate": "2025-09-21T20:00:00.000Z"
    },
    {
      "name": "Honey Mustard Sauce 1 KG",
      "category": "Basic Sub- Recipe",
      "productGroup": "Food Items",
      "barcode": "0123459576",
      "unitOfMeasure": "KG",
      "timesSold": 8,
      "totalQuantity": 10.8,
      "totalRevenue": 223.8,
      "avgUnitPrice": 19.74,
      "firstSaleDate": "2025-09-16T20:00:00.000Z",
      "lastSaleDate": "2026-01-11T20:00:00.000Z"
    },
    {
      "name": "Sub Orange Dipped in Dark Chocolate",
      "category": "Subscriptions",
      "productGroup": null,
      "barcode": null,
      "unitOfMeasure": "unit",
      "timesSold": 48,
      "totalQuantity": 1386,
      "totalRevenue": 223.13,
      "avgUnitPrice": 0.125,
      "firstSaleDate": "2025-09-21T20:00:00.000Z",
      "lastSaleDate": "2026-01-04T20:00:00.000Z"
    },
    {
      "name": "Cottage Pie Hachwe 1 KG",
      "category": "Compound Sub- Recipe",
      "productGroup": "Food Items",
      "barcode": "0123460764",
      "unitOfMeasure": "KG",
      "timesSold": 2,
      "totalQuantity": 6.4,
      "totalRevenue": 221.76,
      "avgUnitPrice": 33,
      "firstSaleDate": "2025-11-09T20:00:00.000Z",
      "lastSaleDate": "2026-01-11T20:00:00.000Z"
    },
    {
      "name": "Chicken Curry 1 KG",
      "category": "Basic Sub- Recipe",
      "productGroup": "Food Items",
      "barcode": "0123457449",
      "unitOfMeasure": "KG",
      "timesSold": 2,
      "totalQuantity": 7.5,
      "totalRevenue": 220.89,
      "avgUnitPrice": 28.05,
      "firstSaleDate": "2025-09-21T20:00:00.000Z",
      "lastSaleDate": "2025-10-19T20:00:00.000Z"
    },
    {
      "name": "Beef Philadelphia Kg",
      "category": "Basic Sub- Recipe",
      "productGroup": "Food Items",
      "barcode": "0123457017",
      "unitOfMeasure": "KG",
      "timesSold": 2,
      "totalQuantity": 5,
      "totalRevenue": 220.5,
      "avgUnitPrice": 42,
      "firstSaleDate": "2025-09-16T20:00:00.000Z",
      "lastSaleDate": "2025-10-12T20:00:00.000Z"
    },
    {
      "name": "Tiramissu Cup",
      "category": "Desserts",
      "productGroup": "Food Items",
      "barcode": "0123461103",
      "unitOfMeasure": "unit",
      "timesSold": 27,
      "totalQuantity": 66,
      "totalRevenue": 220,
      "avgUnitPrice": 1.0577777777777777,
      "firstSaleDate": "2025-09-08T20:00:00.000Z",
      "lastSaleDate": "2025-12-05T20:00:00.000Z"
    },
    {
      "name": "Hm Fish Sweet And Sour",
      "category": "Hot Meals",
      "productGroup": "Food Items",
      "barcode": "0123459498",
      "unitOfMeasure": "Portion",
      "timesSold": 3,
      "totalQuantity": 15,
      "totalRevenue": 218,
      "avgUnitPrice": 13.653333333333332,
      "firstSaleDate": "2025-09-21T20:00:00.000Z",
      "lastSaleDate": "2025-10-19T20:00:00.000Z"
    },
    {
      "name": "Sauce Lemon",
      "category": "Basic Sub- Recipe",
      "productGroup": "Food Items",
      "barcode": "0123460639",
      "unitOfMeasure": "LITRE",
      "timesSold": 11,
      "totalQuantity": 26,
      "totalRevenue": 215.46,
      "avgUnitPrice": 8.881818181818181,
      "firstSaleDate": "2025-09-07T20:00:00.000Z",
      "lastSaleDate": "2026-01-04T20:00:00.000Z"
    },
    {
      "name": "Mohallabieh Shot",
      "category": "Desserts",
      "productGroup": "Food Items",
      "barcode": "0123459835",
      "unitOfMeasure": "unit",
      "timesSold": 7,
      "totalQuantity": 199,
      "totalRevenue": 212.1,
      "avgUnitPrice": 0.8571428571428571,
      "firstSaleDate": "2025-09-07T20:00:00.000Z",
      "lastSaleDate": "2025-10-31T20:00:00.000Z"
    },
    {
      "name": "Sauce Chicken Cashew Nuts 1 KG",
      "category": "Basic Sub- Recipe",
      "productGroup": "Food Items",
      "barcode": "0123460613",
      "unitOfMeasure": "KG",
      "timesSold": 3,
      "totalQuantity": 3.8,
      "totalRevenue": 211.48,
      "avgUnitPrice": 53,
      "firstSaleDate": "2025-08-31T20:00:00.000Z",
      "lastSaleDate": "2026-01-04T20:00:00.000Z"
    },
    {
      "name": "Sauce Labnieh 1 KG",
      "category": "Basic Sub- Recipe",
      "productGroup": "Food Items",
      "barcode": "0123460638",
      "unitOfMeasure": "LITRE",
      "timesSold": 5,
      "totalQuantity": 21.9,
      "totalRevenue": 208.48,
      "avgUnitPrice": 9.07,
      "firstSaleDate": "2025-08-31T20:00:00.000Z",
      "lastSaleDate": "2026-01-11T20:00:00.000Z"
    },
    {
      "name": "Creamy Chicken With Mushroom 1 KG",
      "category": "Hot Meals",
      "productGroup": "Food Items",
      "barcode": "0123457640",
      "unitOfMeasure": "KG",
      "timesSold": 1,
      "totalQuantity": 5,
      "totalRevenue": 207.26,
      "avgUnitPrice": 39.48,
      "firstSaleDate": "2025-10-19T20:00:00.000Z",
      "lastSaleDate": "2025-10-19T20:00:00.000Z"
    },
    {
      "name": "Green Peas Stew 1 KG",
      "category": "Compound Sub- Recipe",
      "productGroup": "Food Items",
      "barcode": "0123457893",
      "unitOfMeasure": "KG",
      "timesSold": 4,
      "totalQuantity": 14.7,
      "totalRevenue": 206.83,
      "avgUnitPrice": 13.4,
      "firstSaleDate": "2025-09-21T20:00:00.000Z",
      "lastSaleDate": "2026-01-04T20:00:00.000Z"
    },
    {
      "name": "Hm Creamy Cajun Chicken Rigatoni",
      "category": "Hot Meals",
      "productGroup": "Food Items",
      "barcode": "0123459474",
      "unitOfMeasure": "Portion",
      "timesSold": 11,
      "totalQuantity": 26,
      "totalRevenue": 204,
      "avgUnitPrice": 2.9436363636363634,
      "firstSaleDate": "2025-09-03T20:00:00.000Z",
      "lastSaleDate": "2025-12-05T20:00:00.000Z"
    },
    {
      "name": "Greek Salad Kg",
      "category": "Salads",
      "productGroup": "Food Items",
      "barcode": "0123457879",
      "unitOfMeasure": "KG",
      "timesSold": 1,
      "totalQuantity": 5,
      "totalRevenue": 200,
      "avgUnitPrice": 40,
      "firstSaleDate": "2026-01-09T20:00:00.000Z",
      "lastSaleDate": "2026-01-09T20:00:00.000Z"
    },
    {
      "name": "Sauce Primavera 1 KG",
      "category": "Basic Sub- Recipe",
      "productGroup": "Food Items",
      "barcode": "0123460653",
      "unitOfMeasure": "KG",
      "timesSold": 5,
      "totalQuantity": 15.32,
      "totalRevenue": 196.99,
      "avgUnitPrice": 12.25,
      "firstSaleDate": "2025-08-31T20:00:00.000Z",
      "lastSaleDate": "2026-01-11T20:00:00.000Z"
    },
    {
      "name": "Creamy Mushroom Sauce Kg",
      "category": "Basic Sub- Recipe",
      "productGroup": "Food Items",
      "barcode": "0123457647",
      "unitOfMeasure": "KG",
      "timesSold": 6,
      "totalQuantity": 12.045,
      "totalRevenue": 189.71,
      "avgUnitPrice": 15,
      "firstSaleDate": "2025-08-31T20:00:00.000Z",
      "lastSaleDate": "2026-01-11T20:00:00.000Z"
    },
    {
      "name": "Chicken Kiev Kg",
      "category": "Basic Sub- Recipe",
      "productGroup": "Food Items",
      "barcode": "0123457477",
      "unitOfMeasure": "KG",
      "timesSold": 2,
      "totalQuantity": 2.5,
      "totalRevenue": 189,
      "avgUnitPrice": 72,
      "firstSaleDate": "2025-08-31T20:00:00.000Z",
      "lastSaleDate": "2025-09-28T20:00:00.000Z"
    },
    {
      "name": "White Beans Stew With Shanks Platter",
      "category": "OBB",
      "productGroup": null,
      "barcode": "0123461203",
      "unitOfMeasure": "Portion",
      "timesSold": 4,
      "totalQuantity": 9,
      "totalRevenue": 186,
      "avgUnitPrice": 19.525,
      "firstSaleDate": "2025-09-22T20:00:00.000Z",
      "lastSaleDate": "2025-10-20T20:00:00.000Z"
    },
    {
      "name": "Sauce Fattouch",
      "category": "Basic Sub- Recipe",
      "productGroup": "Food Items",
      "barcode": "0123460626",
      "unitOfMeasure": "LITRE",
      "timesSold": 9,
      "totalQuantity": 14.4,
      "totalRevenue": 184.63,
      "avgUnitPrice": 12.604444444444445,
      "firstSaleDate": "2025-09-07T20:00:00.000Z",
      "lastSaleDate": "2026-01-11T20:00:00.000Z"
    },
    {
      "name": "Sandwich Baguette Halloumi Cheese With Pesto",
      "category": "Sandwiches",
      "productGroup": "Food Items",
      "barcode": "0123460584",
      "unitOfMeasure": "unit",
      "timesSold": 12,
      "totalQuantity": 78,
      "totalRevenue": 184,
      "avgUnitPrice": 5.870833333333334,
      "firstSaleDate": "2025-09-17T20:00:00.000Z",
      "lastSaleDate": "2025-12-05T20:00:00.000Z"
    },
    {
      "name": "Hm Chicken Stroganoff",
      "category": "Hot Meals",
      "productGroup": "Food Items",
      "barcode": "0123459459",
      "unitOfMeasure": "Portion",
      "timesSold": 4,
      "totalQuantity": 95,
      "totalRevenue": 180.01,
      "avgUnitPrice": 5.715,
      "firstSaleDate": "2025-09-01T20:00:00.000Z",
      "lastSaleDate": "2025-10-06T20:00:00.000Z"
    },
    {
      "name": "BBQ Chicken Platter",
      "category": "OBB",
      "productGroup": null,
      "barcode": "0123456967",
      "unitOfMeasure": "Portion",
      "timesSold": 3,
      "totalQuantity": 9,
      "totalRevenue": 180,
      "avgUnitPrice": 19.05,
      "firstSaleDate": "2025-10-06T20:00:00.000Z",
      "lastSaleDate": "2025-10-15T20:00:00.000Z"
    },
    {
      "name": "Chicken Curry & Saffron Rice Platter",
      "category": "OBB",
      "productGroup": null,
      "barcode": "0123457448",
      "unitOfMeasure": "Portion",
      "timesSold": 2,
      "totalQuantity": 9,
      "totalRevenue": 180,
      "avgUnitPrice": 19.05,
      "firstSaleDate": "2025-09-23T20:00:00.000Z",
      "lastSaleDate": "2025-10-21T20:00:00.000Z"
    },
    {
      "name": "Sauce Creamy Spinach SR",
      "category": "Compound Sub- Recipe",
      "productGroup": "Food Items",
      "barcode": "0123460623",
      "unitOfMeasure": "KG",
      "timesSold": 5,
      "totalQuantity": 19.5,
      "totalRevenue": 177.49,
      "avgUnitPrice": 30.056,
      "firstSaleDate": "2025-08-31T20:00:00.000Z",
      "lastSaleDate": "2025-12-01T20:00:00.000Z"
    },
    {
      "name": "Sauce Burger 1 KG",
      "category": "Sauce",
      "productGroup": "Food Items",
      "barcode": "0123460604",
      "unitOfMeasure": "KG",
      "timesSold": 12,
      "totalQuantity": 22.5,
      "totalRevenue": 174.84,
      "avgUnitPrice": 7.4,
      "firstSaleDate": "2025-08-31T20:00:00.000Z",
      "lastSaleDate": "2026-01-11T20:00:00.000Z"
    },
    {
      "name": "Brownies 1 KG",
      "category": "Basic Sub- Recipe",
      "productGroup": "Food Items",
      "barcode": "0123457152",
      "unitOfMeasure": "KG",
      "timesSold": 1,
      "totalQuantity": 4,
      "totalRevenue": 169.01,
      "avgUnitPrice": 40.24,
      "firstSaleDate": "2025-11-23T20:00:00.000Z",
      "lastSaleDate": "2025-11-23T20:00:00.000Z"
    },
    {
      "name": "Beef Burger 1 KG ( 80 grams )",
      "category": "Basic Sub- Recipe",
      "productGroup": "Food Items",
      "barcode": "0123456983",
      "unitOfMeasure": "KG",
      "timesSold": 2,
      "totalQuantity": 2,
      "totalRevenue": 168,
      "avgUnitPrice": 80,
      "firstSaleDate": "2025-11-09T20:00:00.000Z",
      "lastSaleDate": "2026-01-04T20:00:00.000Z"
    },
    {
      "name": "Artichoke Boiled 1 Kg",
      "category": "Basic Sub- Recipe",
      "productGroup": "Food Items",
      "barcode": null,
      "unitOfMeasure": "KG",
      "timesSold": 2,
      "totalQuantity": 1.7,
      "totalRevenue": 167.79,
      "avgUnitPrice": 94,
      "firstSaleDate": "2025-09-07T20:00:00.000Z",
      "lastSaleDate": "2025-10-05T20:00:00.000Z"
    },
    {
      "name": "Hm Creamy Salmon Pasta",
      "category": "Hot Meals",
      "productGroup": "Food Items",
      "barcode": "0123459482",
      "unitOfMeasure": "Portion",
      "timesSold": 5,
      "totalQuantity": 17,
      "totalRevenue": 165,
      "avgUnitPrice": 5.716,
      "firstSaleDate": "2025-09-01T20:00:00.000Z",
      "lastSaleDate": "2025-10-31T20:00:00.000Z"
    },
    {
      "name": "Grilled Salmon 1 Kg",
      "category": "Basic Sub- Recipe",
      "productGroup": "Food Items",
      "barcode": "0123457910",
      "unitOfMeasure": "KG",
      "timesSold": 1,
      "totalQuantity": 1.5,
      "totalRevenue": 159.77,
      "avgUnitPrice": 101.44,
      "firstSaleDate": "2025-08-31T20:00:00.000Z",
      "lastSaleDate": "2025-08-31T20:00:00.000Z"
    },
    {
      "name": "Sauce Balsamic",
      "category": "Sauce",
      "productGroup": "Food Items",
      "barcode": "0123460597",
      "unitOfMeasure": "LITRE",
      "timesSold": 1,
      "totalQuantity": 3,
      "totalRevenue": 156.35,
      "avgUnitPrice": 49.63,
      "firstSaleDate": "2025-09-07T20:00:00.000Z",
      "lastSaleDate": "2025-09-07T20:00:00.000Z"
    },
    {
      "name": "Beef Stuffed Artichoke with Vermicelli Rice Platter",
      "category": "OBB",
      "productGroup": null,
      "barcode": null,
      "unitOfMeasure": "Portion",
      "timesSold": 4,
      "totalQuantity": 7,
      "totalRevenue": 154,
      "avgUnitPrice": 20.95,
      "firstSaleDate": "2025-09-09T20:00:00.000Z",
      "lastSaleDate": "2025-10-07T20:00:00.000Z"
    },
    {
      "name": "Beef Burger 1 KG ( 50 grams )",
      "category": "Basic Sub- Recipe",
      "productGroup": "Food Items",
      "barcode": null,
      "unitOfMeasure": "KG",
      "timesSold": 1,
      "totalQuantity": 1.8,
      "totalRevenue": 151.2,
      "avgUnitPrice": 80,
      "firstSaleDate": "2025-11-09T20:00:00.000Z",
      "lastSaleDate": "2025-11-09T20:00:00.000Z"
    },
    {
      "name": "Sub Oat & Raisins Energy Bar",
      "category": "Subscriptions",
      "productGroup": null,
      "barcode": null,
      "unitOfMeasure": "unit",
      "timesSold": 34,
      "totalQuantity": 1117,
      "totalRevenue": 151.2,
      "avgUnitPrice": 0.11764705882352941,
      "firstSaleDate": "2025-09-16T20:00:00.000Z",
      "lastSaleDate": "2025-11-12T20:00:00.000Z"
    },
    {
      "name": "Sandwich Roast Beef",
      "category": "Sandwiches",
      "productGroup": "Food Items",
      "barcode": "0123460473",
      "unitOfMeasure": "unit",
      "timesSold": 2,
      "totalQuantity": 60,
      "totalRevenue": 150,
      "avgUnitPrice": 7.145,
      "firstSaleDate": "2025-10-14T20:00:00.000Z",
      "lastSaleDate": "2025-10-15T20:00:00.000Z"
    },
    {
      "name": "Mexican Rice 1 KG",
      "category": "Basic Sub- Recipe",
      "productGroup": "Food Items",
      "barcode": "0123459782",
      "unitOfMeasure": "KG",
      "timesSold": 6,
      "totalQuantity": 21,
      "totalRevenue": 148.62,
      "avgUnitPrice": 6.74,
      "firstSaleDate": "2025-09-07T20:00:00.000Z",
      "lastSaleDate": "2025-11-09T20:00:00.000Z"
    },
    {
      "name": "Milkshake Banana 180 Ml",
      "category": "Beverages",
      "productGroup": null,
      "barcode": null,
      "unitOfMeasure": "unit",
      "timesSold": 3,
      "totalQuantity": 37,
      "totalRevenue": 148.01,
      "avgUnitPrice": 3.81,
      "firstSaleDate": "2025-10-07T20:00:00.000Z",
      "lastSaleDate": "2025-11-08T20:00:00.000Z"
    },
    {
      "name": "Mini Fatayer Spinach",
      "category": "Appetizers",
      "productGroup": "Food Items",
      "barcode": null,
      "unitOfMeasure": "unit",
      "timesSold": 14,
      "totalQuantity": 704,
      "totalRevenue": 148,
      "avgUnitPrice": 0.31285714285714283,
      "firstSaleDate": "2025-08-31T20:00:00.000Z",
      "lastSaleDate": "2025-12-01T20:00:00.000Z"
    },
    {
      "name": "Beef Shawarma Marinated",
      "category": "Basic Sub- Recipe",
      "productGroup": "Food Items",
      "barcode": "0123457020",
      "unitOfMeasure": "KG",
      "timesSold": 1,
      "totalQuantity": 2,
      "totalRevenue": 147,
      "avgUnitPrice": 70,
      "firstSaleDate": "2025-09-21T20:00:00.000Z",
      "lastSaleDate": "2025-09-21T20:00:00.000Z"
    },
    {
      "name": "Hm Creamy Lemon Parmesan Chicken",
      "category": "Hot Meals",
      "productGroup": "Food Items",
      "barcode": "0123459479",
      "unitOfMeasure": "Portion",
      "timesSold": 1,
      "totalQuantity": 8,
      "totalRevenue": 144,
      "avgUnitPrice": 17.14,
      "firstSaleDate": "2025-09-21T20:00:00.000Z",
      "lastSaleDate": "2025-09-21T20:00:00.000Z"
    },
    {
      "name": "SW Rice Pudding Cup",
      "category": "Desserts",
      "productGroup": "Food Items",
      "barcode": "0123460458",
      "unitOfMeasure": "unit",
      "timesSold": 12,
      "totalQuantity": 24,
      "totalRevenue": 144,
      "avgUnitPrice": 3.81,
      "firstSaleDate": "2025-09-01T20:00:00.000Z",
      "lastSaleDate": "2025-12-04T20:00:00.000Z"
    },
    {
      "name": "Sal Fattouch 400G",
      "category": "Salads",
      "productGroup": "Food Items",
      "barcode": "0123460517",
      "unitOfMeasure": "Portion",
      "timesSold": 1,
      "totalQuantity": 10,
      "totalRevenue": 140,
      "avgUnitPrice": 13.33,
      "firstSaleDate": "2025-10-01T20:00:00.000Z",
      "lastSaleDate": "2025-10-01T20:00:00.000Z"
    },
    {
      "name": "Canneloni Spinach With Chicken Platter",
      "category": "OBB",
      "productGroup": null,
      "barcode": "0123457346",
      "unitOfMeasure": "Portion",
      "timesSold": 1,
      "totalQuantity": 8,
      "totalRevenue": 136,
      "avgUnitPrice": 16.19,
      "firstSaleDate": "2025-10-08T20:00:00.000Z",
      "lastSaleDate": "2025-10-08T20:00:00.000Z"
    },
    {
      "name": "Grilled Fish Marination 1 Kg",
      "category": "Basic Sub- Recipe",
      "productGroup": "Food Items",
      "barcode": "0123457905",
      "unitOfMeasure": "KG",
      "timesSold": 1,
      "totalQuantity": 1.5,
      "totalRevenue": 133.88,
      "avgUnitPrice": 85,
      "firstSaleDate": "2025-08-31T20:00:00.000Z",
      "lastSaleDate": "2025-08-31T20:00:00.000Z"
    },
    {
      "name": "Beef Kebbe Saynieh SR",
      "category": "Compound Sub- Recipe",
      "productGroup": "Food Items",
      "barcode": "0123457010",
      "unitOfMeasure": "KG",
      "timesSold": 2,
      "totalQuantity": 4.06,
      "totalRevenue": 127.89,
      "avgUnitPrice": 30,
      "firstSaleDate": "2025-10-05T20:00:00.000Z",
      "lastSaleDate": "2025-11-09T20:00:00.000Z"
    },
    {
      "name": "Falafel 1 KG",
      "category": "Basic Sub- Recipe",
      "productGroup": "Food Items",
      "barcode": "0123457743",
      "unitOfMeasure": "KG",
      "timesSold": 4,
      "totalQuantity": 10,
      "totalRevenue": 126,
      "avgUnitPrice": 11.25,
      "firstSaleDate": "2025-09-07T20:00:00.000Z",
      "lastSaleDate": "2025-10-05T20:00:00.000Z"
    },
    {
      "name": "Sandwich Baguette Turkey and Cheese",
      "category": "Sandwiches",
      "productGroup": "Food Items",
      "barcode": "0123456944",
      "unitOfMeasure": "unit",
      "timesSold": 28,
      "totalQuantity": 76,
      "totalRevenue": 126,
      "avgUnitPrice": 0.9521428571428572,
      "firstSaleDate": "2025-09-29T20:00:00.000Z",
      "lastSaleDate": "2025-12-05T20:00:00.000Z"
    },
    {
      "name": "Lunch Combo",
      "category": "Special Events",
      "productGroup": "Food Items",
      "barcode": null,
      "unitOfMeasure": "unit",
      "timesSold": 1,
      "totalQuantity": 4,
      "totalRevenue": 117.94,
      "avgUnitPrice": 28.08,
      "firstSaleDate": "2025-08-31T20:00:00.000Z",
      "lastSaleDate": "2025-08-31T20:00:00.000Z"
    },
    {
      "name": "Sauce Creamy Tuscan Liter",
      "category": "Compound Sub- Recipe",
      "productGroup": "Food Items",
      "barcode": "0123460624",
      "unitOfMeasure": "LITRE",
      "timesSold": 3,
      "totalQuantity": 5.94,
      "totalRevenue": 116.26,
      "avgUnitPrice": 18.64,
      "firstSaleDate": "2025-08-31T20:00:00.000Z",
      "lastSaleDate": "2025-10-19T20:00:00.000Z"
    },
    {
      "name": "Lamb Tagine CA2",
      "category": "Hot Meals",
      "productGroup": "Food Items",
      "barcode": null,
      "unitOfMeasure": "Portion",
      "timesSold": 2,
      "totalQuantity": 2,
      "totalRevenue": 115.5,
      "avgUnitPrice": 55,
      "firstSaleDate": "2025-10-13T20:00:00.000Z",
      "lastSaleDate": "2025-10-13T20:00:00.000Z"
    },
    {
      "name": "Sub Mouhalabieh topped with Compote fruits",
      "category": "Subscriptions",
      "productGroup": null,
      "barcode": null,
      "unitOfMeasure": "unit",
      "timesSold": 30,
      "totalQuantity": 907,
      "totalRevenue": 110.25,
      "avgUnitPrice": 0.1,
      "firstSaleDate": "2025-09-07T20:00:00.000Z",
      "lastSaleDate": "2025-11-09T20:00:00.000Z"
    },
    {
      "name": "Chicken Supreme with Vegetables and Rice Platter",
      "category": "OBB",
      "productGroup": null,
      "barcode": null,
      "unitOfMeasure": "Portion",
      "timesSold": 1,
      "totalQuantity": 5,
      "totalRevenue": 110,
      "avgUnitPrice": 20.95,
      "firstSaleDate": "2025-11-03T20:00:00.000Z",
      "lastSaleDate": "2025-11-03T20:00:00.000Z"
    },
    {
      "name": "Fish Curry with Saffron Rice Platter",
      "category": "OBB",
      "productGroup": null,
      "barcode": null,
      "unitOfMeasure": "Portion",
      "timesSold": 4,
      "totalQuantity": 5,
      "totalRevenue": 110,
      "avgUnitPrice": 20.95,
      "firstSaleDate": "2025-11-09T20:00:00.000Z",
      "lastSaleDate": "2025-11-12T20:00:00.000Z"
    },
    {
      "name": "Hm Fish Cajun w Vegetables",
      "category": "Hot Meals",
      "productGroup": "Food Items",
      "barcode": "0123459488",
      "unitOfMeasure": "Portion",
      "timesSold": 1,
      "totalQuantity": 5,
      "totalRevenue": 110,
      "avgUnitPrice": 20.95,
      "firstSaleDate": "2025-09-16T20:00:00.000Z",
      "lastSaleDate": "2025-09-16T20:00:00.000Z"
    },
    {
      "name": "Hm Beef Mongolian",
      "category": "Hot Meals",
      "productGroup": "Food Items",
      "barcode": "0123459401",
      "unitOfMeasure": "Portion",
      "timesSold": 3,
      "totalQuantity": 7,
      "totalRevenue": 109,
      "avgUnitPrice": 15.236666666666666,
      "firstSaleDate": "2025-10-01T20:00:00.000Z",
      "lastSaleDate": "2025-11-05T20:00:00.000Z"
    },
    {
      "name": "Aragula Salad CA2",
      "category": "Salads",
      "productGroup": "Food Items",
      "barcode": null,
      "unitOfMeasure": "Portion",
      "timesSold": 6,
      "totalQuantity": 7,
      "totalRevenue": 108.15,
      "avgUnitPrice": 11.5,
      "firstSaleDate": "2025-10-03T20:00:00.000Z",
      "lastSaleDate": "2025-10-13T20:00:00.000Z"
    },
    {
      "name": "Hm Beef Meat Ball With Red Sauce (Daoud Basha)",
      "category": "Hot Meals",
      "productGroup": "Food Items",
      "barcode": "0123459399",
      "unitOfMeasure": "Portion",
      "timesSold": 3,
      "totalQuantity": 8,
      "totalRevenue": 108,
      "avgUnitPrice": 13.336666666666666,
      "firstSaleDate": "2025-09-03T20:00:00.000Z",
      "lastSaleDate": "2025-09-10T20:00:00.000Z"
    },
    {
      "name": "Biryani Chutney 1 Kg",
      "category": "Basic Sub- Recipe",
      "productGroup": "Food Items",
      "barcode": null,
      "unitOfMeasure": "KG",
      "timesSold": 6,
      "totalQuantity": 4.05,
      "totalRevenue": 106.95,
      "avgUnitPrice": 24.5,
      "firstSaleDate": "2025-09-07T20:00:00.000Z",
      "lastSaleDate": "2026-01-04T20:00:00.000Z"
    },
    {
      "name": "Chicken Cacciatore with Mashed Potatoes Platter",
      "category": "OBB",
      "productGroup": null,
      "barcode": "0123457431",
      "unitOfMeasure": "Portion",
      "timesSold": 2,
      "totalQuantity": 5,
      "totalRevenue": 102,
      "avgUnitPrice": 20,
      "firstSaleDate": "2025-09-14T20:00:00.000Z",
      "lastSaleDate": "2025-09-14T20:00:00.000Z"
    },
    {
      "name": "Avocado Hummus 1 Kg",
      "category": "Compound Sub- Recipe",
      "productGroup": "Food Items",
      "barcode": "0123456829",
      "unitOfMeasure": "KG",
      "timesSold": 7,
      "totalQuantity": 12.4,
      "totalRevenue": 101.64,
      "avgUnitPrice": 6.285714285714286,
      "firstSaleDate": "2025-09-14T20:00:00.000Z",
      "lastSaleDate": "2026-01-04T20:00:00.000Z"
    },
    {
      "name": "Grilled Fish Fillet With Spicy Tomato Sauce Platter",
      "category": "OBB",
      "productGroup": null,
      "barcode": "0123457904",
      "unitOfMeasure": "Portion",
      "timesSold": 1,
      "totalQuantity": 5,
      "totalRevenue": 100,
      "avgUnitPrice": 19.05,
      "firstSaleDate": "2025-09-28T20:00:00.000Z",
      "lastSaleDate": "2025-09-28T20:00:00.000Z"
    },
    {
      "name": "Stuffed Lamb 1 KG",
      "category": "Basic Sub- Recipe",
      "productGroup": "Food Items",
      "barcode": "0123460873",
      "unitOfMeasure": "KG",
      "timesSold": 2,
      "totalQuantity": 0.9,
      "totalRevenue": 99.23,
      "avgUnitPrice": 105,
      "firstSaleDate": "2025-09-07T20:00:00.000Z",
      "lastSaleDate": "2025-09-21T20:00:00.000Z"
    },
    {
      "name": "Sauce BBQ 1 KG",
      "category": "Basic Sub- Recipe",
      "productGroup": "Food Items",
      "barcode": "0123460598",
      "unitOfMeasure": "LITRE",
      "timesSold": 5,
      "totalQuantity": 10.9,
      "totalRevenue": 99.16,
      "avgUnitPrice": 8.66,
      "firstSaleDate": "2025-09-07T20:00:00.000Z",
      "lastSaleDate": "2026-01-04T20:00:00.000Z"
    },
    {
      "name": "Date Sable 1 Kg",
      "category": "Compound Sub- Recipe",
      "productGroup": "Food Items",
      "barcode": null,
      "unitOfMeasure": "KG",
      "timesSold": 2,
      "totalQuantity": 3.6,
      "totalRevenue": 98.29,
      "avgUnitPrice": 26,
      "firstSaleDate": "2025-10-12T20:00:00.000Z",
      "lastSaleDate": "2025-11-09T20:00:00.000Z"
    },
    {
      "name": "Hm Fried Rice Cantonese",
      "category": "Hot Meals",
      "productGroup": "Food Items",
      "barcode": "0123459506",
      "unitOfMeasure": "Portion",
      "timesSold": 4,
      "totalQuantity": 14,
      "totalRevenue": 98,
      "avgUnitPrice": 7.1425,
      "firstSaleDate": "2025-09-14T20:00:00.000Z",
      "lastSaleDate": "2025-11-09T20:00:00.000Z"
    },
    {
      "name": "Sub Thyme Twirls Sticks",
      "category": "Subscriptions",
      "productGroup": null,
      "barcode": null,
      "unitOfMeasure": "unit",
      "timesSold": 54,
      "totalQuantity": 1538.85,
      "totalRevenue": 97.94,
      "avgUnitPrice": 0.07407407407407407,
      "firstSaleDate": "2025-09-21T20:00:00.000Z",
      "lastSaleDate": "2026-01-08T20:00:00.000Z"
    },
    {
      "name": "Hm Okra in oil",
      "category": "Hot Meals",
      "productGroup": "Food Items",
      "barcode": "0123459528",
      "unitOfMeasure": "Portion",
      "timesSold": 2,
      "totalQuantity": 6,
      "totalRevenue": 96,
      "avgUnitPrice": 15.24,
      "firstSaleDate": "2025-10-08T20:00:00.000Z",
      "lastSaleDate": "2025-10-08T20:00:00.000Z"
    },
    {
      "name": "Pasta Alfredo CA2",
      "category": "Hot Meals",
      "productGroup": "Food Items",
      "barcode": null,
      "unitOfMeasure": "Portion",
      "timesSold": 2,
      "totalQuantity": 2,
      "totalRevenue": 96,
      "avgUnitPrice": 45.71,
      "firstSaleDate": "2025-10-08T20:00:00.000Z",
      "lastSaleDate": "2025-10-11T20:00:00.000Z"
    },
    {
      "name": "Chicken Tagine CA2",
      "category": "Hot Meals",
      "productGroup": "Food Items",
      "barcode": null,
      "unitOfMeasure": "Portion",
      "timesSold": 2,
      "totalQuantity": 2,
      "totalRevenue": 94.5,
      "avgUnitPrice": 45,
      "firstSaleDate": "2025-10-13T20:00:00.000Z",
      "lastSaleDate": "2025-10-13T20:00:00.000Z"
    },
    {
      "name": "Cheesy BBQ Meat Balls 1 KG",
      "category": "Compound Sub- Recipe",
      "productGroup": "Food Items",
      "barcode": "0123457397",
      "unitOfMeasure": "KG",
      "timesSold": 1,
      "totalQuantity": 2.5,
      "totalRevenue": 91.88,
      "avgUnitPrice": 35,
      "firstSaleDate": "2025-08-31T20:00:00.000Z",
      "lastSaleDate": "2025-08-31T20:00:00.000Z"
    },
    {
      "name": "Greek Moussaka 1 KG",
      "category": "Compound Sub- Recipe",
      "productGroup": "Food Items",
      "barcode": "0123457876",
      "unitOfMeasure": "KG",
      "timesSold": 1,
      "totalQuantity": 3.5,
      "totalRevenue": 91.88,
      "avgUnitPrice": 25,
      "firstSaleDate": "2025-09-07T20:00:00.000Z",
      "lastSaleDate": "2025-09-07T20:00:00.000Z"
    },
    {
      "name": "Loaf English Banana Cake",
      "category": "Basic Sub- Recipe",
      "productGroup": "Food Items",
      "barcode": "0123459713",
      "unitOfMeasure": "unit",
      "timesSold": 10,
      "totalQuantity": 16,
      "totalRevenue": 91.35,
      "avgUnitPrice": 4.35,
      "firstSaleDate": "2025-08-31T20:00:00.000Z",
      "lastSaleDate": "2025-10-31T20:00:00.000Z"
    },
    {
      "name": "Hm Beef Stir Fry",
      "category": "Hot Meals",
      "productGroup": "Food Items",
      "barcode": "0123459410",
      "unitOfMeasure": "unit",
      "timesSold": 1,
      "totalQuantity": 5,
      "totalRevenue": 90,
      "avgUnitPrice": 17.14,
      "firstSaleDate": "2025-09-28T20:00:00.000Z",
      "lastSaleDate": "2025-09-28T20:00:00.000Z"
    },
    {
      "name": "Sal Quinoa 250G",
      "category": "Salads",
      "productGroup": "Food Items",
      "barcode": "0123460531",
      "unitOfMeasure": "unit",
      "timesSold": 4,
      "totalQuantity": 9,
      "totalRevenue": 90,
      "avgUnitPrice": 9.52,
      "firstSaleDate": "2025-09-07T20:00:00.000Z",
      "lastSaleDate": "2025-09-10T20:00:00.000Z"
    },
    {
      "name": "Parmesan Crusted Garlic Herbed Steak Platter",
      "category": "OBB",
      "productGroup": null,
      "barcode": "0123460259",
      "unitOfMeasure": "Portion",
      "timesSold": 1,
      "totalQuantity": 4,
      "totalRevenue": 88,
      "avgUnitPrice": 20.95,
      "firstSaleDate": "2025-09-24T20:00:00.000Z",
      "lastSaleDate": "2025-09-24T20:00:00.000Z"
    },
    {
      "name": "Oatmeal Pancakes 1 KG",
      "category": "Basic Sub- Recipe",
      "productGroup": "Food Items",
      "barcode": "0123460201",
      "unitOfMeasure": "KG",
      "timesSold": 3,
      "totalQuantity": 2.604,
      "totalRevenue": 87.5,
      "avgUnitPrice": 32,
      "firstSaleDate": "2025-10-05T20:00:00.000Z",
      "lastSaleDate": "2026-01-11T20:00:00.000Z"
    },
    {
      "name": "Beef Kebbe Kras",
      "category": "Compound Sub- Recipe",
      "productGroup": "Food Items",
      "barcode": "0123457007",
      "unitOfMeasure": "unit",
      "timesSold": 2,
      "totalQuantity": 89,
      "totalRevenue": 75.75,
      "avgUnitPrice": 0.67,
      "firstSaleDate": "2025-09-07T20:00:00.000Z",
      "lastSaleDate": "2025-09-10T20:00:00.000Z"
    },
    {
      "name": "SW Date Cake",
      "category": "Desserts",
      "productGroup": "Food Items",
      "barcode": null,
      "unitOfMeasure": "unit",
      "timesSold": 1,
      "totalQuantity": 71,
      "totalRevenue": 74.55,
      "avgUnitPrice": 1,
      "firstSaleDate": "2025-09-16T20:00:00.000Z",
      "lastSaleDate": "2025-09-16T20:00:00.000Z"
    },
    {
      "name": "Stuffed Eggplant With Tomato Sauce 1 KG",
      "category": "Compound Sub- Recipe",
      "productGroup": "Food Items",
      "barcode": "0123460870",
      "unitOfMeasure": "KG",
      "timesSold": 1,
      "totalQuantity": 2.2,
      "totalRevenue": 69.3,
      "avgUnitPrice": 30,
      "firstSaleDate": "2025-08-31T20:00:00.000Z",
      "lastSaleDate": "2025-08-31T20:00:00.000Z"
    },
    {
      "name": "Calzone, Cheese",
      "category": "Compound Sub- Recipe",
      "productGroup": "Food Items",
      "barcode": null,
      "unitOfMeasure": "unit",
      "timesSold": 3,
      "totalQuantity": 27,
      "totalRevenue": 66.16,
      "avgUnitPrice": 2.3333333333333335,
      "firstSaleDate": "2025-11-23T20:00:00.000Z",
      "lastSaleDate": "2026-01-11T20:00:00.000Z"
    },
    {
      "name": "Cottage Pie Platter",
      "category": "OBB",
      "productGroup": null,
      "barcode": "0123460768",
      "unitOfMeasure": "Portion",
      "timesSold": 1,
      "totalQuantity": 3,
      "totalRevenue": 66,
      "avgUnitPrice": 20.95,
      "firstSaleDate": "2025-11-04T20:00:00.000Z",
      "lastSaleDate": "2025-11-04T20:00:00.000Z"
    },
    {
      "name": "Hm Fish Teriyaki",
      "category": "Hot Meals",
      "productGroup": "Food Items",
      "barcode": "0123459501",
      "unitOfMeasure": "Portion",
      "timesSold": 1,
      "totalQuantity": 5,
      "totalRevenue": 65,
      "avgUnitPrice": 12.38,
      "firstSaleDate": "2025-11-10T20:00:00.000Z",
      "lastSaleDate": "2025-11-10T20:00:00.000Z"
    },
    {
      "name": "Shrimps Fried Rice Platter",
      "category": "OBB",
      "productGroup": null,
      "barcode": "0123460779",
      "unitOfMeasure": "Portion",
      "timesSold": 2,
      "totalQuantity": 3,
      "totalRevenue": 64,
      "avgUnitPrice": 20,
      "firstSaleDate": "2025-09-16T20:00:00.000Z",
      "lastSaleDate": "2025-11-11T20:00:00.000Z"
    },
    {
      "name": "Grill Salmon CA2",
      "category": "Hot Meals",
      "productGroup": "Food Items",
      "barcode": null,
      "unitOfMeasure": "Portion",
      "timesSold": 1,
      "totalQuantity": 1,
      "totalRevenue": 63,
      "avgUnitPrice": 60,
      "firstSaleDate": "2025-10-14T20:00:00.000Z",
      "lastSaleDate": "2025-10-14T20:00:00.000Z"
    },
    {
      "name": "Beef Paupiette 1 KG",
      "category": "Basic Sub- Recipe",
      "productGroup": "Food Items",
      "barcode": "0123457015",
      "unitOfMeasure": "KG",
      "timesSold": 1,
      "totalQuantity": 1.1,
      "totalRevenue": 62.37,
      "avgUnitPrice": 54,
      "firstSaleDate": "2025-10-12T20:00:00.000Z",
      "lastSaleDate": "2025-10-12T20:00:00.000Z"
    },
    {
      "name": "Hm Chicken Tikka With Saffron Rice",
      "category": "Hot Meals",
      "productGroup": "Food Items",
      "barcode": "0123459466",
      "unitOfMeasure": "Portion",
      "timesSold": 10,
      "totalQuantity": 28,
      "totalRevenue": 60,
      "avgUnitPrice": 1.905,
      "firstSaleDate": "2025-09-23T20:00:00.000Z",
      "lastSaleDate": "2025-12-05T20:00:00.000Z"
    },
    {
      "name": "Hummus with Tahini CA2",
      "category": "Appetizers",
      "productGroup": "Food Items",
      "barcode": null,
      "unitOfMeasure": "Portion",
      "timesSold": 2,
      "totalQuantity": 2,
      "totalRevenue": 59.96,
      "avgUnitPrice": 28.55,
      "firstSaleDate": "2025-10-05T20:00:00.000Z",
      "lastSaleDate": "2025-10-12T20:00:00.000Z"
    },
    {
      "name": "Beef Kabab Hindi 1 KG",
      "category": "Basic Sub- Recipe",
      "productGroup": "Food Items",
      "barcode": "0123457002",
      "unitOfMeasure": "KG",
      "timesSold": 1,
      "totalQuantity": 1.34,
      "totalRevenue": 58.95,
      "avgUnitPrice": 41.9,
      "firstSaleDate": "2025-09-21T20:00:00.000Z",
      "lastSaleDate": "2025-09-21T20:00:00.000Z"
    },
    {
      "name": "Marinated Beef Steak 1 KG",
      "category": "Basic Sub- Recipe",
      "productGroup": "Food Items",
      "barcode": "0123459758",
      "unitOfMeasure": "KG",
      "timesSold": 1,
      "totalQuantity": 0.8,
      "totalRevenue": 58.8,
      "avgUnitPrice": 70,
      "firstSaleDate": "2026-01-04T20:00:00.000Z",
      "lastSaleDate": "2026-01-04T20:00:00.000Z"
    },
    {
      "name": "Beef Kebbe Labnieh Platter",
      "category": "OBB",
      "productGroup": null,
      "barcode": "0123457009",
      "unitOfMeasure": "Portion",
      "timesSold": 1,
      "totalQuantity": 3,
      "totalRevenue": 57.14,
      "avgUnitPrice": 19.05,
      "firstSaleDate": "2025-09-28T20:00:00.000Z",
      "lastSaleDate": "2025-09-28T20:00:00.000Z"
    },
    {
      "name": "Roast Beef Cooked 1 KG",
      "category": "Hot Meals",
      "productGroup": "Food Items",
      "barcode": "0123460472",
      "unitOfMeasure": "KG",
      "timesSold": 5,
      "totalQuantity": 1.35,
      "totalRevenue": 53.82,
      "avgUnitPrice": 17.084,
      "firstSaleDate": "2025-12-03T20:00:00.000Z",
      "lastSaleDate": "2026-01-04T20:00:00.000Z"
    },
    {
      "name": "Arabic Salad CA2",
      "category": "Salads",
      "productGroup": "Food Items",
      "barcode": null,
      "unitOfMeasure": "Portion",
      "timesSold": 18,
      "totalQuantity": 16,
      "totalRevenue": 52.5,
      "avgUnitPrice": 4.894444444444445,
      "firstSaleDate": "2025-10-03T20:00:00.000Z",
      "lastSaleDate": "2025-10-14T20:00:00.000Z"
    },
    {
      "name": "Sauce Gravy SR",
      "category": "Compound Sub- Recipe",
      "productGroup": "Food Items",
      "barcode": "0123460632",
      "unitOfMeasure": "LITRE",
      "timesSold": 8,
      "totalQuantity": 3.35,
      "totalRevenue": 52.08,
      "avgUnitPrice": 8,
      "firstSaleDate": "2025-09-07T20:00:00.000Z",
      "lastSaleDate": "2026-01-11T20:00:00.000Z"
    },
    {
      "name": "Beef Teriyaki 1 KG",
      "category": "Hot Meals",
      "productGroup": "Food Items",
      "barcode": "0123457035",
      "unitOfMeasure": "KG",
      "timesSold": 2,
      "totalQuantity": 2.6,
      "totalRevenue": 51.87,
      "avgUnitPrice": 19,
      "firstSaleDate": "2025-09-28T20:00:00.000Z",
      "lastSaleDate": "2025-12-03T20:00:00.000Z"
    },
    {
      "name": "Fish For Siyadieh 1 Kg",
      "category": "Basic Sub- Recipe",
      "productGroup": "Food Items",
      "barcode": "0123457772",
      "unitOfMeasure": "KG",
      "timesSold": 1,
      "totalQuantity": 0.67,
      "totalRevenue": 51.5,
      "avgUnitPrice": 73.21,
      "firstSaleDate": "2025-10-12T20:00:00.000Z",
      "lastSaleDate": "2025-10-12T20:00:00.000Z"
    },
    {
      "name": "Choco Ganache",
      "category": "Basic Sub- Recipe",
      "productGroup": "Food Items",
      "barcode": "0123457574",
      "unitOfMeasure": "KG",
      "timesSold": 1,
      "totalQuantity": 1,
      "totalRevenue": 50.4,
      "avgUnitPrice": 48,
      "firstSaleDate": "2026-01-04T20:00:00.000Z",
      "lastSaleDate": "2026-01-04T20:00:00.000Z"
    },
    {
      "name": "Fish Escalope 1 Kg",
      "category": "Basic Sub- Recipe",
      "productGroup": "Food Items",
      "barcode": null,
      "unitOfMeasure": "KG",
      "timesSold": 1,
      "totalQuantity": 1,
      "totalRevenue": 50.4,
      "avgUnitPrice": 48,
      "firstSaleDate": "2026-01-04T20:00:00.000Z",
      "lastSaleDate": "2026-01-04T20:00:00.000Z"
    },
    {
      "name": "Croutons 1 KG",
      "category": "Basic Sub- Recipe",
      "productGroup": "Food Items",
      "barcode": "0123458387",
      "unitOfMeasure": "KG",
      "timesSold": 8,
      "totalQuantity": 4.07,
      "totalRevenue": 50.01,
      "avgUnitPrice": 20.125,
      "firstSaleDate": "2025-09-16T20:00:00.000Z",
      "lastSaleDate": "2025-12-01T20:00:00.000Z"
    },
    {
      "name": "Crispy Potato CA2",
      "category": "Appetizers",
      "productGroup": "Food Items",
      "barcode": null,
      "unitOfMeasure": "Portion",
      "timesSold": 2,
      "totalQuantity": 3,
      "totalRevenue": 50,
      "avgUnitPrice": 11.905,
      "firstSaleDate": "2025-10-03T20:00:00.000Z",
      "lastSaleDate": "2025-10-13T20:00:00.000Z"
    },
    {
      "name": "Grilled Fish Hamour Marination 1 Kg",
      "category": "Basic Sub- Recipe",
      "productGroup": "Food Items",
      "barcode": null,
      "unitOfMeasure": "KG",
      "timesSold": 1,
      "totalQuantity": 0.88,
      "totalRevenue": 49.9,
      "avgUnitPrice": 54,
      "firstSaleDate": "2026-01-04T20:00:00.000Z",
      "lastSaleDate": "2026-01-04T20:00:00.000Z"
    },
    {
      "name": "Fruit Compote 1 Kg",
      "category": "Basic Sub- Recipe",
      "productGroup": "Food Items",
      "barcode": null,
      "unitOfMeasure": "KG",
      "timesSold": 9,
      "totalQuantity": 9.87,
      "totalRevenue": 47.57,
      "avgUnitPrice": 7.222222222222222,
      "firstSaleDate": "2025-09-07T20:00:00.000Z",
      "lastSaleDate": "2025-11-09T20:00:00.000Z"
    },
    {
      "name": "Burger CA2",
      "category": "Sandwiches",
      "productGroup": "Food Items",
      "barcode": null,
      "unitOfMeasure": "Portion",
      "timesSold": 1,
      "totalQuantity": 1,
      "totalRevenue": 47.25,
      "avgUnitPrice": 45,
      "firstSaleDate": "2025-10-13T20:00:00.000Z",
      "lastSaleDate": "2025-10-13T20:00:00.000Z"
    },
    {
      "name": "Burratta Cheese Salad CA2",
      "category": "Salads",
      "productGroup": "Food Items",
      "barcode": null,
      "unitOfMeasure": "Portion",
      "timesSold": 5,
      "totalQuantity": 4,
      "totalRevenue": 47.25,
      "avgUnitPrice": 9,
      "firstSaleDate": "2025-10-03T20:00:00.000Z",
      "lastSaleDate": "2025-10-13T20:00:00.000Z"
    },
    {
      "name": "Sauce Caramel",
      "category": "Sauce",
      "productGroup": "Food Items",
      "barcode": "0123460606",
      "unitOfMeasure": "LITRE",
      "timesSold": 1,
      "totalQuantity": 2,
      "totalRevenue": 46.2,
      "avgUnitPrice": 22,
      "firstSaleDate": "2026-01-04T20:00:00.000Z",
      "lastSaleDate": "2026-01-04T20:00:00.000Z"
    },
    {
      "name": "Spinach Stuffed Chicken 1 KG",
      "category": "Compound Sub- Recipe",
      "productGroup": "Food Items",
      "barcode": "0123457653",
      "unitOfMeasure": "KG",
      "timesSold": 3,
      "totalQuantity": 11.72,
      "totalRevenue": 45.15,
      "avgUnitPrice": 16.666666666666668,
      "firstSaleDate": "2025-08-31T20:00:00.000Z",
      "lastSaleDate": "2025-12-01T20:00:00.000Z"
    },
    {
      "name": "Hm Beef Kebbe Labnieh With Chich Barak",
      "category": "Hot Meals",
      "productGroup": "Food Items",
      "barcode": "0123459397",
      "unitOfMeasure": "Portion",
      "timesSold": 1,
      "totalQuantity": 3,
      "totalRevenue": 45,
      "avgUnitPrice": 14.29,
      "firstSaleDate": "2025-09-30T20:00:00.000Z",
      "lastSaleDate": "2025-09-30T20:00:00.000Z"
    },
    {
      "name": "Hm Green Beans Stew",
      "category": "Hot Meals",
      "productGroup": "Food Items",
      "barcode": "0123459510",
      "unitOfMeasure": "Portion",
      "timesSold": 1,
      "totalQuantity": 3,
      "totalRevenue": 45,
      "avgUnitPrice": 14.29,
      "firstSaleDate": "2025-09-09T20:00:00.000Z",
      "lastSaleDate": "2025-09-09T20:00:00.000Z"
    },
    {
      "name": "Chicken Escalope 1 KG",
      "category": "Chicken, Meat & Fish",
      "productGroup": null,
      "barcode": "0123457454",
      "unitOfMeasure": "KG",
      "timesSold": 1,
      "totalQuantity": 1,
      "totalRevenue": 44.1,
      "avgUnitPrice": 42,
      "firstSaleDate": "2026-01-04T20:00:00.000Z",
      "lastSaleDate": "2026-01-04T20:00:00.000Z"
    },
    {
      "name": "Chicken Shawarma Platter",
      "category": "OBB",
      "productGroup": null,
      "barcode": "0123457524",
      "unitOfMeasure": "Portion",
      "timesSold": 9,
      "totalQuantity": 11,
      "totalRevenue": 44,
      "avgUnitPrice": 2.327777777777778,
      "firstSaleDate": "2025-09-28T20:00:00.000Z",
      "lastSaleDate": "2025-12-05T20:00:00.000Z"
    },
    {
      "name": "Chicken With Herbs , Vegetables and Potato Platter",
      "category": "OBB",
      "productGroup": null,
      "barcode": "0123457556",
      "unitOfMeasure": "Portion",
      "timesSold": 1,
      "totalQuantity": 2,
      "totalRevenue": 44,
      "avgUnitPrice": 20.95,
      "firstSaleDate": "2025-09-22T20:00:00.000Z",
      "lastSaleDate": "2025-09-22T20:00:00.000Z"
    },
    {
      "name": "Mini Burger & Spaghetti Tray",
      "category": "Hot Meals",
      "productGroup": "Food Items",
      "barcode": null,
      "unitOfMeasure": "Portion",
      "timesSold": 1,
      "totalQuantity": 2,
      "totalRevenue": 44,
      "avgUnitPrice": 20.95,
      "firstSaleDate": "2025-11-19T20:00:00.000Z",
      "lastSaleDate": "2025-11-19T20:00:00.000Z"
    },
    {
      "name": "Mousakaa 1 KG",
      "category": "Compound Sub- Recipe",
      "productGroup": "Food Items",
      "barcode": "0123459845",
      "unitOfMeasure": "KG",
      "timesSold": 1,
      "totalQuantity": 2,
      "totalRevenue": 42,
      "avgUnitPrice": 20,
      "firstSaleDate": "2025-08-31T20:00:00.000Z",
      "lastSaleDate": "2025-08-31T20:00:00.000Z"
    },
    {
      "name": "Sal Pasta 400G",
      "category": "Salads",
      "productGroup": "Food Items",
      "barcode": "0123460525",
      "unitOfMeasure": "Portion",
      "timesSold": 1,
      "totalQuantity": 3,
      "totalRevenue": 42,
      "avgUnitPrice": 13.33,
      "firstSaleDate": "2025-11-09T20:00:00.000Z",
      "lastSaleDate": "2025-11-09T20:00:00.000Z"
    },
    {
      "name": "Tempura Shrimps CA2",
      "category": "Appetizers",
      "productGroup": "Food Items",
      "barcode": null,
      "unitOfMeasure": "Portion",
      "timesSold": 1,
      "totalQuantity": 1,
      "totalRevenue": 42,
      "avgUnitPrice": 40,
      "firstSaleDate": "2025-10-13T20:00:00.000Z",
      "lastSaleDate": "2025-10-13T20:00:00.000Z"
    },
    {
      "name": "Fish Brochette 1 Kg",
      "category": "Basic Sub- Recipe",
      "productGroup": "Food Items",
      "barcode": "0123457763",
      "unitOfMeasure": "KG",
      "timesSold": 1,
      "totalQuantity": 1.2,
      "totalRevenue": 40.32,
      "avgUnitPrice": 32,
      "firstSaleDate": "2025-10-12T20:00:00.000Z",
      "lastSaleDate": "2025-10-12T20:00:00.000Z"
    },
    {
      "name": "Green Beans Stew w Vermicelli Rice Platter",
      "category": "OBB",
      "productGroup": null,
      "barcode": "0123457885",
      "unitOfMeasure": "Portion",
      "timesSold": 1,
      "totalQuantity": 2,
      "totalRevenue": 40,
      "avgUnitPrice": 19.05,
      "firstSaleDate": "2025-09-22T20:00:00.000Z",
      "lastSaleDate": "2025-09-22T20:00:00.000Z"
    },
    {
      "name": "Sauce Creamy Mustard & Tarragon Sauce",
      "category": "Basic Sub- Recipe",
      "productGroup": "Food Items",
      "barcode": null,
      "unitOfMeasure": "KG",
      "timesSold": 1,
      "totalQuantity": 1.5,
      "totalRevenue": 39.38,
      "avgUnitPrice": 25,
      "firstSaleDate": "2026-01-11T20:00:00.000Z",
      "lastSaleDate": "2026-01-11T20:00:00.000Z"
    },
    {
      "name": "Sauce Oriental SR",
      "category": "Basic Sub- Recipe",
      "productGroup": "Food Items",
      "barcode": "0123460645",
      "unitOfMeasure": "LITRE",
      "timesSold": 4,
      "totalQuantity": 5,
      "totalRevenue": 38.38,
      "avgUnitPrice": 7.31,
      "firstSaleDate": "2025-09-21T20:00:00.000Z",
      "lastSaleDate": "2026-01-04T20:00:00.000Z"
    },
    {
      "name": "Bread, Tacos Shell",
      "category": "Bread",
      "productGroup": null,
      "barcode": "0123457114",
      "unitOfMeasure": "unit",
      "timesSold": 1,
      "totalQuantity": 48,
      "totalRevenue": 36.79,
      "avgUnitPrice": 0.73,
      "firstSaleDate": "2025-11-09T20:00:00.000Z",
      "lastSaleDate": "2025-11-09T20:00:00.000Z"
    },
    {
      "name": "Sauce Tarator",
      "category": "Basic Sub- Recipe",
      "productGroup": "Food Items",
      "barcode": "0123460664",
      "unitOfMeasure": "KG",
      "timesSold": 6,
      "totalQuantity": 2.4,
      "totalRevenue": 36.63,
      "avgUnitPrice": 14.53,
      "firstSaleDate": "2025-09-07T20:00:00.000Z",
      "lastSaleDate": "2026-01-11T20:00:00.000Z"
    },
    {
      "name": "Hm Shrimp Fried Rice",
      "category": "Hot Meals",
      "productGroup": "Food Items",
      "barcode": "0123460794",
      "unitOfMeasure": "Portion",
      "timesSold": 1,
      "totalQuantity": 3,
      "totalRevenue": 36,
      "avgUnitPrice": 11.43,
      "firstSaleDate": "2025-09-08T20:00:00.000Z",
      "lastSaleDate": "2025-09-08T20:00:00.000Z"
    },
    {
      "name": "Hm White Beans Stew",
      "category": "Hot Meals",
      "productGroup": "Food Items",
      "barcode": "0123459571",
      "unitOfMeasure": "Portion",
      "timesSold": 1,
      "totalQuantity": 2,
      "totalRevenue": 36,
      "avgUnitPrice": 17.14,
      "firstSaleDate": "2025-09-22T20:00:00.000Z",
      "lastSaleDate": "2025-09-22T20:00:00.000Z"
    },
    {
      "name": "Confit Orange Dipped in Dark Chocolate 1 Kg",
      "category": "Basic Sub- Recipe",
      "productGroup": "Food Items",
      "barcode": null,
      "unitOfMeasure": "KG",
      "timesSold": 2,
      "totalQuantity": 0.76,
      "totalRevenue": 35.91,
      "avgUnitPrice": 22.5,
      "firstSaleDate": "2025-09-21T20:00:00.000Z",
      "lastSaleDate": "2026-01-04T20:00:00.000Z"
    },
    {
      "name": "Still Water 330 ml CA2",
      "category": "Beverages",
      "productGroup": null,
      "barcode": null,
      "unitOfMeasure": "unit",
      "timesSold": 5,
      "totalQuantity": 5,
      "totalRevenue": 35,
      "avgUnitPrice": 3.808,
      "firstSaleDate": "2025-10-03T20:00:00.000Z",
      "lastSaleDate": "2025-10-14T20:00:00.000Z"
    },
    {
      "name": "Thyme Twirls Sticks Kg",
      "category": "Basic Sub- Recipe",
      "productGroup": "Food Items",
      "barcode": null,
      "unitOfMeasure": "KG",
      "timesSold": 3,
      "totalQuantity": 4.95,
      "totalRevenue": 33.79,
      "avgUnitPrice": 6.5,
      "firstSaleDate": "2025-10-19T20:00:00.000Z",
      "lastSaleDate": "2026-01-04T20:00:00.000Z"
    },
    {
      "name": "Apple Pie Filling",
      "category": "Desserts",
      "productGroup": "Food Items",
      "barcode": "0123456811",
      "unitOfMeasure": "KG",
      "timesSold": 1,
      "totalQuantity": 2,
      "totalRevenue": 33.6,
      "avgUnitPrice": 16,
      "firstSaleDate": "2026-01-04T20:00:00.000Z",
      "lastSaleDate": "2026-01-04T20:00:00.000Z"
    },
    {
      "name": "Potato Baked & Onions 1 KG",
      "category": "Basic Sub- Recipe",
      "productGroup": "Food Items",
      "barcode": "0123460394",
      "unitOfMeasure": "KG",
      "timesSold": 3,
      "totalQuantity": 4.5,
      "totalRevenue": 33.08,
      "avgUnitPrice": 7,
      "firstSaleDate": "2025-09-16T20:00:00.000Z",
      "lastSaleDate": "2025-11-09T20:00:00.000Z"
    },
    {
      "name": "Roasted Baby Potato 1 Kg",
      "category": "Basic Sub- Recipe",
      "productGroup": "Food Items",
      "barcode": null,
      "unitOfMeasure": "KG",
      "timesSold": 1,
      "totalQuantity": 1,
      "totalRevenue": 31.5,
      "avgUnitPrice": 30,
      "firstSaleDate": "2026-01-11T20:00:00.000Z",
      "lastSaleDate": "2026-01-11T20:00:00.000Z"
    },
    {
      "name": "Sauce Cafe de Paris Kg",
      "category": "Basic Sub- Recipe",
      "productGroup": "Food Items",
      "barcode": null,
      "unitOfMeasure": "KG",
      "timesSold": 1,
      "totalQuantity": 0.3,
      "totalRevenue": 30.87,
      "avgUnitPrice": 98,
      "firstSaleDate": "2026-01-04T20:00:00.000Z",
      "lastSaleDate": "2026-01-04T20:00:00.000Z"
    },
    {
      "name": "Hummus Plain CA2",
      "category": "Appetizers",
      "productGroup": "Food Items",
      "barcode": null,
      "unitOfMeasure": "Portion",
      "timesSold": 1,
      "totalQuantity": 1,
      "totalRevenue": 30.45,
      "avgUnitPrice": 29,
      "firstSaleDate": "2025-10-14T20:00:00.000Z",
      "lastSaleDate": "2025-10-14T20:00:00.000Z"
    },
    {
      "name": "Hm Beef Steak W/ Gravy Sauce",
      "category": "Hot Meals",
      "productGroup": "Food Items",
      "barcode": "0123459407",
      "unitOfMeasure": "Portion",
      "timesSold": 1,
      "totalQuantity": 2,
      "totalRevenue": 30,
      "avgUnitPrice": 14.29,
      "firstSaleDate": "2025-09-02T20:00:00.000Z",
      "lastSaleDate": "2025-09-02T20:00:00.000Z"
    },
    {
      "name": "Hm Chicken BBQ",
      "category": "Hot Meals",
      "productGroup": "Food Items",
      "barcode": "0123459450",
      "unitOfMeasure": "Portion",
      "timesSold": 1,
      "totalQuantity": 2,
      "totalRevenue": 30,
      "avgUnitPrice": 14.29,
      "firstSaleDate": "2025-12-03T20:00:00.000Z",
      "lastSaleDate": "2025-12-03T20:00:00.000Z"
    },
    {
      "name": "Okra in Tomato Sauce Platter",
      "category": "OBB",
      "productGroup": null,
      "barcode": null,
      "unitOfMeasure": "Portion",
      "timesSold": 1,
      "totalQuantity": 2,
      "totalRevenue": 30,
      "avgUnitPrice": 14.29,
      "firstSaleDate": "2025-09-10T20:00:00.000Z",
      "lastSaleDate": "2025-09-10T20:00:00.000Z"
    },
    {
      "name": "Side Potato Harra",
      "category": "Appetizers",
      "productGroup": "Food Items",
      "barcode": "0123460790",
      "unitOfMeasure": "Portion",
      "timesSold": 1,
      "totalQuantity": 5,
      "totalRevenue": 30,
      "avgUnitPrice": 5.71,
      "firstSaleDate": "2025-09-24T20:00:00.000Z",
      "lastSaleDate": "2025-09-24T20:00:00.000Z"
    },
    {
      "name": "Mashed Potato",
      "category": "Hot Meals",
      "productGroup": "Food Items",
      "barcode": "0123459768",
      "unitOfMeasure": "unit",
      "timesSold": 2,
      "totalQuantity": 8,
      "totalRevenue": 29.99,
      "avgUnitPrice": 4.76,
      "firstSaleDate": "2025-09-29T20:00:00.000Z",
      "lastSaleDate": "2025-10-12T20:00:00.000Z"
    },
    {
      "name": "Sauce Tajin 1 KG",
      "category": "Basic Sub- Recipe",
      "productGroup": "Food Items",
      "barcode": "0123457787",
      "unitOfMeasure": "KG",
      "timesSold": 1,
      "totalQuantity": 1,
      "totalRevenue": 29.4,
      "avgUnitPrice": 28,
      "firstSaleDate": "2025-08-31T20:00:00.000Z",
      "lastSaleDate": "2025-08-31T20:00:00.000Z"
    },
    {
      "name": "Sauce Khashkhash 1 Kg",
      "category": "Basic Sub- Recipe",
      "productGroup": "Food Items",
      "barcode": "0123460637",
      "unitOfMeasure": "KG",
      "timesSold": 2,
      "totalQuantity": 1.7,
      "totalRevenue": 28.56,
      "avgUnitPrice": 16,
      "firstSaleDate": "2025-09-07T20:00:00.000Z",
      "lastSaleDate": "2025-10-05T20:00:00.000Z"
    },
    {
      "name": "Stuffed Zucchini 1 Kg",
      "category": "Basic Sub- Recipe",
      "productGroup": "Food Items",
      "barcode": "0123460881",
      "unitOfMeasure": "KG",
      "timesSold": 1,
      "totalQuantity": 1,
      "totalRevenue": 27.57,
      "avgUnitPrice": 26.26,
      "firstSaleDate": "2025-09-16T20:00:00.000Z",
      "lastSaleDate": "2025-09-16T20:00:00.000Z"
    },
    {
      "name": "Sauce Piccata 1 KG",
      "category": "Basic Sub- Recipe",
      "productGroup": "Food Items",
      "barcode": "0123457018",
      "unitOfMeasure": "KG",
      "timesSold": 1,
      "totalQuantity": 0.8,
      "totalRevenue": 25.2,
      "avgUnitPrice": 30,
      "firstSaleDate": "2026-01-04T20:00:00.000Z",
      "lastSaleDate": "2026-01-04T20:00:00.000Z"
    },
    {
      "name": "Falafel CA2",
      "category": "Appetizers",
      "productGroup": "Food Items",
      "barcode": null,
      "unitOfMeasure": "Portion",
      "timesSold": 1,
      "totalQuantity": 1,
      "totalRevenue": 24.94,
      "avgUnitPrice": 23.75,
      "firstSaleDate": "2025-10-12T20:00:00.000Z",
      "lastSaleDate": "2025-10-12T20:00:00.000Z"
    },
    {
      "name": "Hm Fish Siyadieh",
      "category": "Hot Meals",
      "productGroup": "Food Items",
      "barcode": "0123459497",
      "unitOfMeasure": "Portion",
      "timesSold": 1,
      "totalQuantity": 2,
      "totalRevenue": 24,
      "avgUnitPrice": 11.43,
      "firstSaleDate": "2025-09-14T20:00:00.000Z",
      "lastSaleDate": "2025-09-14T20:00:00.000Z"
    },
    {
      "name": "Beef Hachwe 1 KG",
      "category": "Basic Sub- Recipe",
      "productGroup": "Food Items",
      "barcode": "0123456999",
      "unitOfMeasure": "KG",
      "timesSold": 2,
      "totalQuantity": 0.74,
      "totalRevenue": 21.51,
      "avgUnitPrice": 27.68,
      "firstSaleDate": "2025-09-07T20:00:00.000Z",
      "lastSaleDate": "2025-10-05T20:00:00.000Z"
    },
    {
      "name": "Rice Siyadieh 1 KG",
      "category": "Compound Sub- Recipe",
      "productGroup": "Food Items",
      "barcode": "0123460460",
      "unitOfMeasure": "KG",
      "timesSold": 1,
      "totalQuantity": 1.5,
      "totalRevenue": 20.89,
      "avgUnitPrice": 13.26,
      "firstSaleDate": "2025-10-12T20:00:00.000Z",
      "lastSaleDate": "2025-10-12T20:00:00.000Z"
    },
    {
      "name": "Shepherd's Pie Fritters Platter",
      "category": "OBB",
      "productGroup": null,
      "barcode": "0123460767",
      "unitOfMeasure": "Portion",
      "timesSold": 1,
      "totalQuantity": 1,
      "totalRevenue": 20,
      "avgUnitPrice": 19.05,
      "firstSaleDate": "2025-11-04T20:00:00.000Z",
      "lastSaleDate": "2025-11-04T20:00:00.000Z"
    },
    {
      "name": "Creamy Lemon Sauce Kg",
      "category": "Basic Sub- Recipe",
      "productGroup": "Food Items",
      "barcode": null,
      "unitOfMeasure": "KG",
      "timesSold": 1,
      "totalQuantity": 0.5,
      "totalRevenue": 19.95,
      "avgUnitPrice": 38,
      "firstSaleDate": "2026-01-04T20:00:00.000Z",
      "lastSaleDate": "2026-01-04T20:00:00.000Z"
    },
    {
      "name": "Apple Sauce 1 Kg",
      "category": "Basic Sub- Recipe",
      "productGroup": "Food Items",
      "barcode": null,
      "unitOfMeasure": "KG",
      "timesSold": 6,
      "totalQuantity": 0.9,
      "totalRevenue": 18.9,
      "avgUnitPrice": 20,
      "firstSaleDate": "2025-08-31T20:00:00.000Z",
      "lastSaleDate": "2026-01-11T20:00:00.000Z"
    },
    {
      "name": "Granola",
      "category": "Basic Sub- Recipe",
      "productGroup": "Food Items",
      "barcode": "0123457871",
      "unitOfMeasure": "KG",
      "timesSold": 1,
      "totalQuantity": 0.5,
      "totalRevenue": 16.8,
      "avgUnitPrice": 32,
      "firstSaleDate": "2026-01-04T20:00:00.000Z",
      "lastSaleDate": "2026-01-04T20:00:00.000Z"
    },
    {
      "name": "Bev Juice Orange 200 ML",
      "category": "Beverages",
      "productGroup": null,
      "barcode": null,
      "unitOfMeasure": "unit",
      "timesSold": 14,
      "totalQuantity": 52,
      "totalRevenue": 16,
      "avgUnitPrice": 0.27214285714285713,
      "firstSaleDate": "2025-08-31T20:00:00.000Z",
      "lastSaleDate": "2025-11-20T20:00:00.000Z"
    },
    {
      "name": "Sal Pasta Pesto 400G",
      "category": "Salads",
      "productGroup": "Food Items",
      "barcode": "0123460527",
      "unitOfMeasure": "Portion",
      "timesSold": 1,
      "totalQuantity": 1,
      "totalRevenue": 14,
      "avgUnitPrice": 13.33,
      "firstSaleDate": "2025-09-14T20:00:00.000Z",
      "lastSaleDate": "2025-09-14T20:00:00.000Z"
    },
    {
      "name": "Moudardara 1 KG",
      "category": "Basic Sub- Recipe",
      "productGroup": "Food Items",
      "barcode": "0123459838",
      "unitOfMeasure": "KG",
      "timesSold": 1,
      "totalQuantity": 2,
      "totalRevenue": 13.82,
      "avgUnitPrice": 6.58,
      "firstSaleDate": "2025-08-31T20:00:00.000Z",
      "lastSaleDate": "2025-08-31T20:00:00.000Z"
    },
    {
      "name": "Sauce Cilantro & Garlic for fish Kg",
      "category": "Basic Sub- Recipe",
      "productGroup": "Food Items",
      "barcode": null,
      "unitOfMeasure": "KG",
      "timesSold": 1,
      "totalQuantity": 0.5,
      "totalRevenue": 13.65,
      "avgUnitPrice": 26,
      "firstSaleDate": "2026-01-04T20:00:00.000Z",
      "lastSaleDate": "2026-01-04T20:00:00.000Z"
    },
    {
      "name": "Creamy Dill Sauce 1 Kg",
      "category": "Basic Sub- Recipe",
      "productGroup": "Food Items",
      "barcode": null,
      "unitOfMeasure": "KG",
      "timesSold": 1,
      "totalQuantity": 0.5,
      "totalRevenue": 13.13,
      "avgUnitPrice": 25,
      "firstSaleDate": "2026-01-04T20:00:00.000Z",
      "lastSaleDate": "2026-01-04T20:00:00.000Z"
    },
    {
      "name": "Corn On The Cob",
      "category": "Fruits & Vegetables",
      "productGroup": null,
      "barcode": "0123457624",
      "unitOfMeasure": "KG",
      "timesSold": 2,
      "totalQuantity": 11,
      "totalRevenue": 12.6,
      "avgUnitPrice": 6,
      "firstSaleDate": "2025-10-06T20:00:00.000Z",
      "lastSaleDate": "2026-01-11T20:00:00.000Z"
    },
    {
      "name": "Black Beans Paste",
      "category": "Grains",
      "productGroup": "Grains & Spices",
      "barcode": "0123457075",
      "unitOfMeasure": "KG",
      "timesSold": 1,
      "totalQuantity": 0.5,
      "totalRevenue": 11.38,
      "avgUnitPrice": 21.67,
      "firstSaleDate": "2025-11-09T20:00:00.000Z",
      "lastSaleDate": "2025-11-09T20:00:00.000Z"
    },
    {
      "name": "Yorkshire Pudding",
      "category": "Appetizers",
      "productGroup": "Food Items",
      "barcode": null,
      "unitOfMeasure": "unit",
      "timesSold": 1,
      "totalQuantity": 5,
      "totalRevenue": 10.5,
      "avgUnitPrice": 2,
      "firstSaleDate": "2026-01-04T20:00:00.000Z",
      "lastSaleDate": "2026-01-04T20:00:00.000Z"
    },
    {
      "name": "Sauce Tartar 1 KG",
      "category": "Sauce",
      "productGroup": "Food Items",
      "barcode": "0123460665",
      "unitOfMeasure": "KG",
      "timesSold": 3,
      "totalQuantity": 0.646,
      "totalRevenue": 10.32,
      "avgUnitPrice": 15.866666666666667,
      "firstSaleDate": "2025-09-16T20:00:00.000Z",
      "lastSaleDate": "2026-01-11T20:00:00.000Z"
    },
    {
      "name": "Potato Coriander 1 KG",
      "category": "Basic Sub- Recipe",
      "productGroup": "Food Items",
      "barcode": "0123460396",
      "unitOfMeasure": "KG",
      "timesSold": 1,
      "totalQuantity": 1,
      "totalRevenue": 8.4,
      "avgUnitPrice": 8,
      "firstSaleDate": "2025-08-31T20:00:00.000Z",
      "lastSaleDate": "2025-08-31T20:00:00.000Z"
    },
    {
      "name": "Fried Onions 1 Kg",
      "category": "Basic Sub- Recipe",
      "productGroup": "Food Items",
      "barcode": "0123457844",
      "unitOfMeasure": "KG",
      "timesSold": 2,
      "totalQuantity": 0.15,
      "totalRevenue": 8.04,
      "avgUnitPrice": 51,
      "firstSaleDate": "2025-09-16T20:00:00.000Z",
      "lastSaleDate": "2025-10-12T20:00:00.000Z"
    },
    {
      "name": "Still Water 750 ml CA2",
      "category": "Beverages",
      "productGroup": null,
      "barcode": null,
      "unitOfMeasure": "unit",
      "timesSold": 2,
      "totalQuantity": 2,
      "totalRevenue": 7.35,
      "avgUnitPrice": 3.5,
      "firstSaleDate": "2025-10-03T20:00:00.000Z",
      "lastSaleDate": "2025-10-05T20:00:00.000Z"
    },
    {
      "name": "Saffron Rice 1 KG",
      "category": "Basic Sub- Recipe",
      "productGroup": "Food Items",
      "barcode": "0123460503",
      "unitOfMeasure": "KG",
      "timesSold": 1,
      "totalQuantity": 1.5,
      "totalRevenue": 7.09,
      "avgUnitPrice": 4.5,
      "firstSaleDate": "2025-09-21T20:00:00.000Z",
      "lastSaleDate": "2025-09-21T20:00:00.000Z"
    },
    {
      "name": "Sauce For Siyadieh",
      "category": "Compound Sub- Recipe",
      "productGroup": "Food Items",
      "barcode": "0123460629",
      "unitOfMeasure": "KG",
      "timesSold": 1,
      "totalQuantity": 0.33,
      "totalRevenue": 6.37,
      "avgUnitPrice": 18.37,
      "firstSaleDate": "2025-10-12T20:00:00.000Z",
      "lastSaleDate": "2025-10-12T20:00:00.000Z"
    },
    {
      "name": "Soft Drinks Sprite CA2",
      "category": "Beverages",
      "productGroup": null,
      "barcode": null,
      "unitOfMeasure": "unit",
      "timesSold": 1,
      "totalQuantity": 1,
      "totalRevenue": 6.3,
      "avgUnitPrice": 6,
      "firstSaleDate": "2025-10-05T20:00:00.000Z",
      "lastSaleDate": "2025-10-05T20:00:00.000Z"
    },
    {
      "name": "Roast Potatoes With Rosemary 1 KG",
      "category": "Hot Meals",
      "productGroup": "Food Items",
      "barcode": "0123460478",
      "unitOfMeasure": "KG",
      "timesSold": 1,
      "totalQuantity": 0.5,
      "totalRevenue": 5.25,
      "avgUnitPrice": 10,
      "firstSaleDate": "2026-01-04T20:00:00.000Z",
      "lastSaleDate": "2026-01-04T20:00:00.000Z"
    },
    {
      "name": "Thyme Crackers Kg",
      "category": "Basic Sub- Recipe",
      "productGroup": "Food Items",
      "barcode": null,
      "unitOfMeasure": "KG",
      "timesSold": 1,
      "totalQuantity": 0.58,
      "totalRevenue": 4.87,
      "avgUnitPrice": 8,
      "firstSaleDate": "2025-10-12T20:00:00.000Z",
      "lastSaleDate": "2025-10-12T20:00:00.000Z"
    },
    {
      "name": "Katsu Curry Sauce 1 Kg",
      "category": "Sauce",
      "productGroup": "Food Items",
      "barcode": null,
      "unitOfMeasure": "KG",
      "timesSold": 1,
      "totalQuantity": 0.5,
      "totalRevenue": 4.2,
      "avgUnitPrice": 8,
      "firstSaleDate": "2026-01-04T20:00:00.000Z",
      "lastSaleDate": "2026-01-04T20:00:00.000Z"
    },
    {
      "name": "Grissini 1 KG",
      "category": "Basic Sub- Recipe",
      "productGroup": "Food Items",
      "barcode": "0123457912",
      "unitOfMeasure": "KG",
      "timesSold": 1,
      "totalQuantity": 0.51,
      "totalRevenue": 4.05,
      "avgUnitPrice": 7.56,
      "firstSaleDate": "2025-10-05T20:00:00.000Z",
      "lastSaleDate": "2025-10-05T20:00:00.000Z"
    },
    {
      "name": "Date & Biscuit Lazy Cake 1 Kg",
      "category": "Basic Sub- Recipe",
      "productGroup": "Food Items",
      "barcode": null,
      "unitOfMeasure": "KG",
      "timesSold": 1,
      "totalQuantity": 3,
      "totalRevenue": 3.15,
      "avgUnitPrice": 1,
      "firstSaleDate": "2026-01-11T20:00:00.000Z",
      "lastSaleDate": "2026-01-11T20:00:00.000Z"
    },
    {
      "name": "Apple Crumble 1 Kg",
      "category": "Basic Sub- Recipe",
      "productGroup": "Food Items",
      "barcode": null,
      "unitOfMeasure": "KG",
      "timesSold": 1,
      "totalQuantity": 0.7,
      "totalRevenue": 0.74,
      "avgUnitPrice": 1,
      "firstSaleDate": "2026-01-11T20:00:00.000Z",
      "lastSaleDate": "2026-01-11T20:00:00.000Z"
    },
    {
      "name": "Naan Bread 1 Kg",
      "category": "Bread",
      "productGroup": null,
      "barcode": null,
      "unitOfMeasure": "KG",
      "timesSold": 1,
      "totalQuantity": 0.4,
      "totalRevenue": 0.42,
      "avgUnitPrice": 1,
      "firstSaleDate": "2026-01-11T20:00:00.000Z",
      "lastSaleDate": "2026-01-11T20:00:00.000Z"
    },
    {
      "name": "Pitted Green Olives",
      "category": "Condiments",
      "productGroup": null,
      "barcode": null,
      "unitOfMeasure": "KG",
      "timesSold": 17,
      "totalQuantity": 8.1,
      "totalRevenue": 0.32,
      "avgUnitPrice": 0.058823529411764705,
      "firstSaleDate": "2025-09-05T20:00:00.000Z",
      "lastSaleDate": "2025-10-23T20:00:00.000Z"
    },
    {
      "name": "Classic Duxelles 1 Kg",
      "category": "Basic Sub- Recipe",
      "productGroup": "Food Items",
      "barcode": null,
      "unitOfMeasure": "KG",
      "timesSold": 1,
      "totalQuantity": 0.1,
      "totalRevenue": 0.11,
      "avgUnitPrice": 1,
      "firstSaleDate": "2026-01-11T20:00:00.000Z",
      "lastSaleDate": "2026-01-11T20:00:00.000Z"
    },
    {
      "name": "Apple Juice 200ml",
      "category": "All",
      "productGroup": null,
      "barcode": null,
      "unitOfMeasure": "unit",
      "timesSold": 5,
      "totalQuantity": 21,
      "totalRevenue": 0,
      "avgUnitPrice": 0,
      "firstSaleDate": "2025-09-16T20:00:00.000Z",
      "lastSaleDate": "2025-11-27T20:00:00.000Z"
    },
    {
      "name": "Apple Red",
      "category": "Fruits & Vegetables",
      "productGroup": null,
      "barcode": "0123456812",
      "unitOfMeasure": "KG",
      "timesSold": 45,
      "totalQuantity": 478.31,
      "totalRevenue": 0,
      "avgUnitPrice": 0,
      "firstSaleDate": "2025-09-01T20:00:00.000Z",
      "lastSaleDate": "2026-01-09T20:00:00.000Z"
    },
    {
      "name": "Apple, Green",
      "category": "Fruits & Vegetables",
      "productGroup": null,
      "barcode": "0123456814",
      "unitOfMeasure": "KG",
      "timesSold": 1,
      "totalQuantity": 16,
      "totalRevenue": 0,
      "avgUnitPrice": 0,
      "firstSaleDate": "2025-09-23T20:00:00.000Z",
      "lastSaleDate": "2025-09-23T20:00:00.000Z"
    },
    {
      "name": "Asian Chicken Salad 1 Kg",
      "category": "Salads",
      "productGroup": "Food Items",
      "barcode": null,
      "unitOfMeasure": "KG",
      "timesSold": 7,
      "totalQuantity": 14.5,
      "totalRevenue": 0,
      "avgUnitPrice": 0,
      "firstSaleDate": "2025-08-31T20:00:00.000Z",
      "lastSaleDate": "2025-10-23T20:00:00.000Z"
    },
    {
      "name": "Baby Spinach",
      "category": "Fruits & Vegetables",
      "productGroup": null,
      "barcode": "0123456935",
      "unitOfMeasure": "KG",
      "timesSold": 1,
      "totalQuantity": 10,
      "totalRevenue": 0,
      "avgUnitPrice": 0,
      "firstSaleDate": "2025-10-06T20:00:00.000Z",
      "lastSaleDate": "2025-10-06T20:00:00.000Z"
    },
    {
      "name": "Baby, Carrots",
      "category": "Fruits & Vegetables",
      "productGroup": null,
      "barcode": "0123456937",
      "unitOfMeasure": "KG",
      "timesSold": 1,
      "totalQuantity": 3,
      "totalRevenue": 0,
      "avgUnitPrice": 0,
      "firstSaleDate": "2025-12-01T20:00:00.000Z",
      "lastSaleDate": "2025-12-01T20:00:00.000Z"
    },
    {
      "name": "Baguette Multi Cereal 290g",
      "category": "Bread",
      "productGroup": null,
      "barcode": null,
      "unitOfMeasure": "unit",
      "timesSold": 1,
      "totalQuantity": 5,
      "totalRevenue": 0,
      "avgUnitPrice": 0,
      "firstSaleDate": "2025-12-01T20:00:00.000Z",
      "lastSaleDate": "2025-12-01T20:00:00.000Z"
    },
    {
      "name": "Baked Spinach & Spicy Mushroom Rigatoni Portion",
      "category": "Hot Meals",
      "productGroup": "Food Items",
      "barcode": "0123456950",
      "unitOfMeasure": "Portion",
      "timesSold": 2,
      "totalQuantity": 2,
      "totalRevenue": 0,
      "avgUnitPrice": 0,
      "firstSaleDate": "2025-09-28T20:00:00.000Z",
      "lastSaleDate": "2025-12-05T20:00:00.000Z"
    },
    {
      "name": "Banana",
      "category": "Fruits & Vegetables",
      "productGroup": null,
      "barcode": "0123456957",
      "unitOfMeasure": "KG",
      "timesSold": 19,
      "totalQuantity": 99.46,
      "totalRevenue": 0,
      "avgUnitPrice": 0,
      "firstSaleDate": "2025-08-31T20:00:00.000Z",
      "lastSaleDate": "2026-01-07T20:00:00.000Z"
    },
    {
      "name": "Bev Cool 4 School Tropical",
      "category": "Beverages",
      "productGroup": null,
      "barcode": null,
      "unitOfMeasure": "pcs",
      "timesSold": 1,
      "totalQuantity": 34,
      "totalRevenue": 0,
      "avgUnitPrice": 0,
      "firstSaleDate": "2025-10-02T20:00:00.000Z",
      "lastSaleDate": "2025-10-02T20:00:00.000Z"
    },
    {
      "name": "Bev Nescafe 3 in 1",
      "category": "Beverages",
      "productGroup": null,
      "barcode": "0123457059",
      "unitOfMeasure": "unit",
      "timesSold": 1,
      "totalQuantity": 10,
      "totalRevenue": 0,
      "avgUnitPrice": 0,
      "firstSaleDate": "2025-10-30T20:00:00.000Z",
      "lastSaleDate": "2025-10-30T20:00:00.000Z"
    },
    {
      "name": "Bev, Black Tea",
      "category": "Beverages",
      "productGroup": null,
      "barcode": "0123457061",
      "unitOfMeasure": "unit",
      "timesSold": 1,
      "totalQuantity": 10,
      "totalRevenue": 0,
      "avgUnitPrice": 0,
      "firstSaleDate": "2025-10-30T20:00:00.000Z",
      "lastSaleDate": "2025-10-30T20:00:00.000Z"
    },
    {
      "name": "Bev, Green Tea",
      "category": "Beverages",
      "productGroup": null,
      "barcode": null,
      "unitOfMeasure": "unit",
      "timesSold": 1,
      "totalQuantity": 10,
      "totalRevenue": 0,
      "avgUnitPrice": 0,
      "firstSaleDate": "2025-10-30T20:00:00.000Z",
      "lastSaleDate": "2025-10-30T20:00:00.000Z"
    },
    {
      "name": "Biryani Vegetables",
      "category": "Hot Meals",
      "productGroup": "Food Items",
      "barcode": "0123457073",
      "unitOfMeasure": "KG",
      "timesSold": 8,
      "totalQuantity": 16,
      "totalRevenue": 0,
      "avgUnitPrice": 0,
      "firstSaleDate": "2025-08-31T20:00:00.000Z",
      "lastSaleDate": "2025-10-31T20:00:00.000Z"
    },
    {
      "name": "Black Forest Supplier",
      "category": "Desserts",
      "productGroup": "Food Items",
      "barcode": null,
      "unitOfMeasure": "unit",
      "timesSold": 1,
      "totalQuantity": 150,
      "totalRevenue": 0,
      "avgUnitPrice": 0,
      "firstSaleDate": "2025-12-01T20:00:00.000Z",
      "lastSaleDate": "2025-12-01T20:00:00.000Z"
    },
    {
      "name": "Bread Basket",
      "category": "Bread",
      "productGroup": null,
      "barcode": "0123457093",
      "unitOfMeasure": "unit",
      "timesSold": 3,
      "totalQuantity": 3,
      "totalRevenue": 0,
      "avgUnitPrice": 0,
      "firstSaleDate": "2025-09-30T20:00:00.000Z",
      "lastSaleDate": "2025-10-08T20:00:00.000Z"
    },
    {
      "name": "Bread, Arabic, White, Large",
      "category": "Bread",
      "productGroup": null,
      "barcode": "0123457098",
      "unitOfMeasure": "unit",
      "timesSold": 1,
      "totalQuantity": 40,
      "totalRevenue": 0,
      "avgUnitPrice": 0,
      "firstSaleDate": "2025-12-03T20:00:00.000Z",
      "lastSaleDate": "2025-12-03T20:00:00.000Z"
    },
    {
      "name": "Bread, Arabic, White, Small",
      "category": "Bread",
      "productGroup": null,
      "barcode": "0123457100",
      "unitOfMeasure": "unit",
      "timesSold": 39,
      "totalQuantity": 1300,
      "totalRevenue": 0,
      "avgUnitPrice": 0,
      "firstSaleDate": "2025-09-05T20:00:00.000Z",
      "lastSaleDate": "2025-10-31T20:00:00.000Z"
    },
    {
      "name": "Bread, Brioche, Burger Bun, 30G",
      "category": "Bread",
      "productGroup": null,
      "barcode": "0123457102",
      "unitOfMeasure": "unit",
      "timesSold": 2,
      "totalQuantity": 50,
      "totalRevenue": 0,
      "avgUnitPrice": 0,
      "firstSaleDate": "2025-08-31T20:00:00.000Z",
      "lastSaleDate": "2025-12-01T20:00:00.000Z"
    },
    {
      "name": "Bread, Club Sandwich, White",
      "category": "Bread",
      "productGroup": null,
      "barcode": "0123457108",
      "unitOfMeasure": "unit",
      "timesSold": 1,
      "totalQuantity": 5,
      "totalRevenue": 0,
      "avgUnitPrice": 0,
      "firstSaleDate": "2025-10-15T20:00:00.000Z",
      "lastSaleDate": "2025-10-15T20:00:00.000Z"
    },
    {
      "name": "Brie Cheese",
      "category": "Dairy Products",
      "productGroup": null,
      "barcode": "0123457124",
      "unitOfMeasure": "KG",
      "timesSold": 1,
      "totalQuantity": 1,
      "totalRevenue": 0,
      "avgUnitPrice": 0,
      "firstSaleDate": "2025-09-17T20:00:00.000Z",
      "lastSaleDate": "2025-09-17T20:00:00.000Z"
    },
    {
      "name": "Brk Croissant Cheese 35 Gr",
      "category": "Breakfast",
      "productGroup": "Food Items",
      "barcode": null,
      "unitOfMeasure": "unit",
      "timesSold": 9,
      "totalQuantity": 294,
      "totalRevenue": 0,
      "avgUnitPrice": 0,
      "firstSaleDate": "2025-08-31T20:00:00.000Z",
      "lastSaleDate": "2025-12-01T20:00:00.000Z"
    },
    {
      "name": "Brk Croissant Cheese 65 Gr",
      "category": "Breakfast",
      "productGroup": "Food Items",
      "barcode": null,
      "unitOfMeasure": "unit",
      "timesSold": 17,
      "totalQuantity": 318,
      "totalRevenue": 0,
      "avgUnitPrice": 0,
      "firstSaleDate": "2025-09-03T20:00:00.000Z",
      "lastSaleDate": "2026-01-08T20:00:00.000Z"
    },
    {
      "name": "Brk Croissant Zaatar 65 Gr",
      "category": "Breakfast",
      "productGroup": "Food Items",
      "barcode": null,
      "unitOfMeasure": "unit",
      "timesSold": 1,
      "totalQuantity": 26,
      "totalRevenue": 0,
      "avgUnitPrice": 0,
      "firstSaleDate": "2026-01-08T20:00:00.000Z",
      "lastSaleDate": "2026-01-08T20:00:00.000Z"
    },
    {
      "name": "Brk Danish Apricot 35g",
      "category": "Breakfast",
      "productGroup": "Food Items",
      "barcode": null,
      "unitOfMeasure": "unit",
      "timesSold": 1,
      "totalQuantity": 20,
      "totalRevenue": 0,
      "avgUnitPrice": 0,
      "firstSaleDate": "2025-10-29T20:00:00.000Z",
      "lastSaleDate": "2025-10-29T20:00:00.000Z"
    },
    {
      "name": "Brk Danish Blueberry 35g",
      "category": "Breakfast",
      "productGroup": "Food Items",
      "barcode": null,
      "unitOfMeasure": "unit",
      "timesSold": 9,
      "totalQuantity": 264,
      "totalRevenue": 0,
      "avgUnitPrice": 0,
      "firstSaleDate": "2025-08-31T20:00:00.000Z",
      "lastSaleDate": "2025-10-29T20:00:00.000Z"
    },
    {
      "name": "Brk Danish Cream Chocolate 35g",
      "category": "Breakfast",
      "productGroup": "Food Items",
      "barcode": null,
      "unitOfMeasure": "unit",
      "timesSold": 13,
      "totalQuantity": 400,
      "totalRevenue": 0,
      "avgUnitPrice": 0,
      "firstSaleDate": "2025-08-31T20:00:00.000Z",
      "lastSaleDate": "2025-10-29T20:00:00.000Z"
    },
    {
      "name": "Brk Danish Pastry Cream 35g",
      "category": "Breakfast",
      "productGroup": "Food Items",
      "barcode": null,
      "unitOfMeasure": "unit",
      "timesSold": 1,
      "totalQuantity": 20,
      "totalRevenue": 0,
      "avgUnitPrice": 0,
      "firstSaleDate": "2025-10-29T20:00:00.000Z",
      "lastSaleDate": "2025-10-29T20:00:00.000Z"
    },
    {
      "name": "Brk Danish Pineapple 35g",
      "category": "Breakfast",
      "productGroup": "Food Items",
      "barcode": null,
      "unitOfMeasure": "unit",
      "timesSold": 2,
      "totalQuantity": 48,
      "totalRevenue": 0,
      "avgUnitPrice": 0,
      "firstSaleDate": "2025-10-29T20:00:00.000Z",
      "lastSaleDate": "2025-12-01T20:00:00.000Z"
    },
    {
      "name": "Brk Manakish, Cheese 100 Gr",
      "category": "Breakfast",
      "productGroup": "Food Items",
      "barcode": "0123457136",
      "unitOfMeasure": "unit",
      "timesSold": 1,
      "totalQuantity": 46,
      "totalRevenue": 0,
      "avgUnitPrice": 0,
      "firstSaleDate": "2025-09-22T20:00:00.000Z",
      "lastSaleDate": "2025-09-22T20:00:00.000Z"
    },
    {
      "name": "Brk Manakish, Zaatar 100 Gr",
      "category": "Breakfast",
      "productGroup": "Food Items",
      "barcode": "0123457139",
      "unitOfMeasure": "unit",
      "timesSold": 2,
      "totalQuantity": 5,
      "totalRevenue": 0,
      "avgUnitPrice": 0,
      "firstSaleDate": "2025-10-29T20:00:00.000Z",
      "lastSaleDate": "2025-11-05T20:00:00.000Z"
    },
    {
      "name": "Brk Pain au Raisin 35g",
      "category": "Breakfast",
      "productGroup": "Food Items",
      "barcode": null,
      "unitOfMeasure": "unit",
      "timesSold": 10,
      "totalQuantity": 305,
      "totalRevenue": 0,
      "avgUnitPrice": 0,
      "firstSaleDate": "2025-08-31T20:00:00.000Z",
      "lastSaleDate": "2025-10-21T20:00:00.000Z"
    },
    {
      "name": "CA Hummus Beiruti 1 KG",
      "category": "Mezza",
      "productGroup": "Food Items",
      "barcode": "0123457230",
      "unitOfMeasure": "KG",
      "timesSold": 9,
      "totalQuantity": 12.5,
      "totalRevenue": 0,
      "avgUnitPrice": 0,
      "firstSaleDate": "2025-08-31T20:00:00.000Z",
      "lastSaleDate": "2025-10-31T20:00:00.000Z"
    },
    {
      "name": "CA Labne and Makdous Dip",
      "category": "Appetizers",
      "productGroup": "Food Items",
      "barcode": "0123457245",
      "unitOfMeasure": "KG",
      "timesSold": 2,
      "totalQuantity": 4,
      "totalRevenue": 0,
      "avgUnitPrice": 0,
      "firstSaleDate": "2025-09-16T20:00:00.000Z",
      "lastSaleDate": "2025-09-23T20:00:00.000Z"
    },
    {
      "name": "Caesar Salad 1 Kg",
      "category": "Salads",
      "productGroup": "Food Items",
      "barcode": "0123457331",
      "unitOfMeasure": "KG",
      "timesSold": 12,
      "totalQuantity": 24,
      "totalRevenue": 0,
      "avgUnitPrice": 0,
      "firstSaleDate": "2025-08-31T20:00:00.000Z",
      "lastSaleDate": "2025-10-28T20:00:00.000Z"
    },
    {
      "name": "Cake, Banana",
      "category": "Desserts",
      "productGroup": "Food Items",
      "barcode": "0123457335",
      "unitOfMeasure": "unit",
      "timesSold": 2,
      "totalQuantity": 15,
      "totalRevenue": 0,
      "avgUnitPrice": 0,
      "firstSaleDate": "2025-09-10T20:00:00.000Z",
      "lastSaleDate": "2025-10-08T20:00:00.000Z"
    },
    {
      "name": "Cannelloni Bolognese Platter",
      "category": "Hot Meals",
      "productGroup": "Food Items",
      "barcode": "0123457343",
      "unitOfMeasure": "Portion",
      "timesSold": 1,
      "totalQuantity": 1,
      "totalRevenue": 0,
      "avgUnitPrice": 0,
      "firstSaleDate": "2025-10-31T20:00:00.000Z",
      "lastSaleDate": "2025-10-31T20:00:00.000Z"
    },
    {
      "name": "Carrot Cake Supplier",
      "category": "Desserts",
      "productGroup": "Food Items",
      "barcode": null,
      "unitOfMeasure": "unit",
      "timesSold": 17,
      "totalQuantity": 495,
      "totalRevenue": 0,
      "avgUnitPrice": 0,
      "firstSaleDate": "2025-08-31T20:00:00.000Z",
      "lastSaleDate": "2025-10-31T20:00:00.000Z"
    },
    {
      "name": "Carrot Juice 1 Liter",
      "category": "Beverages",
      "productGroup": null,
      "barcode": "0123457357",
      "unitOfMeasure": "LITRE",
      "timesSold": 1,
      "totalQuantity": 3,
      "totalRevenue": 0,
      "avgUnitPrice": 0,
      "firstSaleDate": "2025-12-01T20:00:00.000Z",
      "lastSaleDate": "2025-12-01T20:00:00.000Z"
    },
    {
      "name": "Carrots",
      "category": "Fruits & Vegetables",
      "productGroup": null,
      "barcode": "0123457358",
      "unitOfMeasure": "KG",
      "timesSold": 1,
      "totalQuantity": 5,
      "totalRevenue": 0,
      "avgUnitPrice": 0,
      "firstSaleDate": "2025-09-30T20:00:00.000Z",
      "lastSaleDate": "2025-09-30T20:00:00.000Z"
    },
    {
      "name": "Cheese Cheddar Block",
      "category": "Dairy Products",
      "productGroup": null,
      "barcode": "0123457372",
      "unitOfMeasure": "KG",
      "timesSold": 19,
      "totalQuantity": 15.6,
      "totalRevenue": 0,
      "avgUnitPrice": 0,
      "firstSaleDate": "2025-08-31T20:00:00.000Z",
      "lastSaleDate": "2025-10-21T20:00:00.000Z"
    },
    {
      "name": "Cheese Cheddar Slice",
      "category": "Dairy Products",
      "productGroup": null,
      "barcode": "0123457373",
      "unitOfMeasure": "KG",
      "timesSold": 3,
      "totalQuantity": 1.1,
      "totalRevenue": 0,
      "avgUnitPrice": 0,
      "firstSaleDate": "2025-10-14T20:00:00.000Z",
      "lastSaleDate": "2026-01-11T20:00:00.000Z"
    },
    {
      "name": "Cheese Feta",
      "category": "Dairy Products",
      "productGroup": null,
      "barcode": "0123457376",
      "unitOfMeasure": "KG",
      "timesSold": 1,
      "totalQuantity": 1,
      "totalRevenue": 0,
      "avgUnitPrice": 0,
      "firstSaleDate": "2025-08-31T20:00:00.000Z",
      "lastSaleDate": "2025-08-31T20:00:00.000Z"
    },
    {
      "name": "Cheese Filled Chicken Pockets served w Mashed potatoes",
      "category": "Hot Meals",
      "productGroup": "Food Items",
      "barcode": "0123457377",
      "unitOfMeasure": "Portion",
      "timesSold": 8,
      "totalQuantity": 18,
      "totalRevenue": 0,
      "avgUnitPrice": 0,
      "firstSaleDate": "2025-10-05T20:00:00.000Z",
      "lastSaleDate": "2025-12-05T20:00:00.000Z"
    },
    {
      "name": "Cheese Halloumi",
      "category": "Dairy Products",
      "productGroup": null,
      "barcode": "0123457379",
      "unitOfMeasure": "KG",
      "timesSold": 19,
      "totalQuantity": 15.4,
      "totalRevenue": 0,
      "avgUnitPrice": 0,
      "firstSaleDate": "2025-08-31T20:00:00.000Z",
      "lastSaleDate": "2025-10-31T20:00:00.000Z"
    },
    {
      "name": "Cheese Kachkawan",
      "category": "Dairy Products",
      "productGroup": null,
      "barcode": "0123457380",
      "unitOfMeasure": "KG",
      "timesSold": 2,
      "totalQuantity": 1,
      "totalRevenue": 0,
      "avgUnitPrice": 0,
      "firstSaleDate": "2025-09-23T20:00:00.000Z",
      "lastSaleDate": "2025-10-21T20:00:00.000Z"
    },
    {
      "name": "Cheese Rkakat",
      "category": "Appetizers",
      "productGroup": "Food Items",
      "barcode": "0123457385",
      "unitOfMeasure": "unit",
      "timesSold": 11,
      "totalQuantity": 390,
      "totalRevenue": 0,
      "avgUnitPrice": 0,
      "firstSaleDate": "2025-08-31T20:00:00.000Z",
      "lastSaleDate": "2025-10-31T20:00:00.000Z"
    },
    {
      "name": "Cheese, Kashkawan",
      "category": "Dairy Products",
      "productGroup": null,
      "barcode": "0123457390",
      "unitOfMeasure": "KG",
      "timesSold": 8,
      "totalQuantity": 5.1,
      "totalRevenue": 0,
      "avgUnitPrice": 0,
      "firstSaleDate": "2025-09-14T20:00:00.000Z",
      "lastSaleDate": "2025-10-28T20:00:00.000Z"
    },
    {
      "name": "Cherry Tomato",
      "category": "Fruits & Vegetables",
      "productGroup": null,
      "barcode": "0123457401",
      "unitOfMeasure": "KG",
      "timesSold": 2,
      "totalQuantity": 2.5,
      "totalRevenue": 0,
      "avgUnitPrice": 0,
      "firstSaleDate": "2025-11-07T20:00:00.000Z",
      "lastSaleDate": "2026-01-07T20:00:00.000Z"
    },
    {
      "name": "Chicken Caesar SR",
      "category": "Salads",
      "productGroup": "Food Items",
      "barcode": "0123457436",
      "unitOfMeasure": "KG",
      "timesSold": 3,
      "totalQuantity": 4,
      "totalRevenue": 0,
      "avgUnitPrice": 0,
      "firstSaleDate": "2025-09-18T20:00:00.000Z",
      "lastSaleDate": "2025-10-31T20:00:00.000Z"
    },
    {
      "name": "Chicken Cottage Pie Platter",
      "category": "OBB",
      "productGroup": null,
      "barcode": "0123457445",
      "unitOfMeasure": "Portion",
      "timesSold": 1,
      "totalQuantity": 2,
      "totalRevenue": 0,
      "avgUnitPrice": 0,
      "firstSaleDate": "2025-10-20T20:00:00.000Z",
      "lastSaleDate": "2025-10-20T20:00:00.000Z"
    },
    {
      "name": "Chicken In Creamy Mustard Sauce With Rice Portion",
      "category": "Hot Meals",
      "productGroup": "Food Items",
      "barcode": "0123457470",
      "unitOfMeasure": "Portion",
      "timesSold": 4,
      "totalQuantity": 6,
      "totalRevenue": 0,
      "avgUnitPrice": 0,
      "firstSaleDate": "2025-10-31T20:00:00.000Z",
      "lastSaleDate": "2025-12-05T20:00:00.000Z"
    },
    {
      "name": "Chinese Vegetable Noodles Sauce 1 KG",
      "category": "Pasta",
      "productGroup": null,
      "barcode": "0123457572",
      "unitOfMeasure": "KG",
      "timesSold": 11,
      "totalQuantity": 32,
      "totalRevenue": 0,
      "avgUnitPrice": 0,
      "firstSaleDate": "2025-08-31T20:00:00.000Z",
      "lastSaleDate": "2025-12-01T20:00:00.000Z"
    },
    {
      "name": "Chocolate Chips",
      "category": "Desserts",
      "productGroup": "Food Items",
      "barcode": "0123457576",
      "unitOfMeasure": "KG",
      "timesSold": 1,
      "totalQuantity": 2,
      "totalRevenue": 0,
      "avgUnitPrice": 0,
      "firstSaleDate": "2025-09-05T20:00:00.000Z",
      "lastSaleDate": "2025-09-05T20:00:00.000Z"
    },
    {
      "name": "Chocolate Custard 1 Kg",
      "category": "Basic Sub- Recipe",
      "productGroup": "Food Items",
      "barcode": null,
      "unitOfMeasure": "KG",
      "timesSold": 1,
      "totalQuantity": 2,
      "totalRevenue": 0,
      "avgUnitPrice": 0,
      "firstSaleDate": "2025-08-31T20:00:00.000Z",
      "lastSaleDate": "2025-08-31T20:00:00.000Z"
    },
    {
      "name": "Ciabatta, Halloumi Cheese With Pesto",
      "category": "Sandwiches",
      "productGroup": "Food Items",
      "barcode": "0123457588",
      "unitOfMeasure": "unit",
      "timesSold": 1,
      "totalQuantity": 1,
      "totalRevenue": 0,
      "avgUnitPrice": 0,
      "firstSaleDate": "2025-10-19T20:00:00.000Z",
      "lastSaleDate": "2025-10-19T20:00:00.000Z"
    },
    {
      "name": "Citrus Quinoa Salad 1 Kg",
      "category": "Salads",
      "productGroup": "Food Items",
      "barcode": null,
      "unitOfMeasure": "KG",
      "timesSold": 10,
      "totalQuantity": 19.5,
      "totalRevenue": 0,
      "avgUnitPrice": 0,
      "firstSaleDate": "2025-08-31T20:00:00.000Z",
      "lastSaleDate": "2025-10-23T20:00:00.000Z"
    },
    {
      "name": "Club, Chicken Avocado",
      "category": "Sandwiches",
      "productGroup": "Food Items",
      "barcode": null,
      "unitOfMeasure": "unit",
      "timesSold": 1,
      "totalQuantity": 30,
      "totalRevenue": 0,
      "avgUnitPrice": 0,
      "firstSaleDate": "2025-10-28T20:00:00.000Z",
      "lastSaleDate": "2025-10-28T20:00:00.000Z"
    },
    {
      "name": "Club, Chicken Mayo",
      "category": "Sandwiches",
      "productGroup": "Food Items",
      "barcode": "0123457595",
      "unitOfMeasure": "unit",
      "timesSold": 1,
      "totalQuantity": 30,
      "totalRevenue": 0,
      "avgUnitPrice": 0,
      "firstSaleDate": "2025-10-28T20:00:00.000Z",
      "lastSaleDate": "2025-10-28T20:00:00.000Z"
    },
    {
      "name": "Club, Turkey & Cheese",
      "category": "Sandwiches",
      "productGroup": "Food Items",
      "barcode": "0123457597",
      "unitOfMeasure": "unit",
      "timesSold": 1,
      "totalQuantity": 45,
      "totalRevenue": 0,
      "avgUnitPrice": 0,
      "firstSaleDate": "2025-10-08T20:00:00.000Z",
      "lastSaleDate": "2025-10-08T20:00:00.000Z"
    },
    {
      "name": "Cooked Vermicelli ( Balaleet )",
      "category": "Hot Meals",
      "productGroup": "Food Items",
      "barcode": null,
      "unitOfMeasure": "KG",
      "timesSold": 13,
      "totalQuantity": 28,
      "totalRevenue": 0,
      "avgUnitPrice": 0,
      "firstSaleDate": "2025-08-31T20:00:00.000Z",
      "lastSaleDate": "2025-10-31T20:00:00.000Z"
    },
    {
      "name": "Cornflakes",
      "category": "Grains & Spices",
      "productGroup": null,
      "barcode": "0123457626",
      "unitOfMeasure": "KG",
      "timesSold": 33,
      "totalQuantity": 23.5,
      "totalRevenue": 0,
      "avgUnitPrice": 0,
      "firstSaleDate": "2025-09-05T20:00:00.000Z",
      "lastSaleDate": "2025-10-31T20:00:00.000Z"
    },
    {
      "name": "Couscous Salad With Spring Vegetables",
      "category": "Salads",
      "productGroup": "Food Items",
      "barcode": "0123457630",
      "unitOfMeasure": "Portion",
      "timesSold": 9,
      "totalQuantity": 31,
      "totalRevenue": 0,
      "avgUnitPrice": 0,
      "firstSaleDate": "2025-08-31T20:00:00.000Z",
      "lastSaleDate": "2025-10-23T20:00:00.000Z"
    },
    {
      "name": "Couscous With Vegetables And Lamb Platter",
      "category": "OBB",
      "productGroup": null,
      "barcode": "0123457631",
      "unitOfMeasure": "Portion",
      "timesSold": 3,
      "totalQuantity": 5,
      "totalRevenue": 0,
      "avgUnitPrice": 0,
      "firstSaleDate": "2025-10-15T20:00:00.000Z",
      "lastSaleDate": "2025-12-03T20:00:00.000Z"
    },
    {
      "name": "Creamy Pesto Pasta 1 KG",
      "category": "Pasta",
      "productGroup": null,
      "barcode": "0123457649",
      "unitOfMeasure": "KG",
      "timesSold": 13,
      "totalQuantity": 26,
      "totalRevenue": 0,
      "avgUnitPrice": 0,
      "firstSaleDate": "2025-09-05T20:00:00.000Z",
      "lastSaleDate": "2025-10-28T20:00:00.000Z"
    },
    {
      "name": "Creamy Sundried Tomato Pesto 1 KG",
      "category": "Chicken, Meat & Fish",
      "productGroup": null,
      "barcode": "0123457654",
      "unitOfMeasure": "KG",
      "timesSold": 10,
      "totalQuantity": 20,
      "totalRevenue": 0,
      "avgUnitPrice": 0,
      "firstSaleDate": "2025-08-31T20:00:00.000Z",
      "lastSaleDate": "2025-10-31T20:00:00.000Z"
    },
    {
      "name": "Creamy Sundried Tomato Pesto Chicken Platter",
      "category": "OBB",
      "productGroup": null,
      "barcode": "0123457655",
      "unitOfMeasure": "Portion",
      "timesSold": 11,
      "totalQuantity": 21,
      "totalRevenue": 0,
      "avgUnitPrice": 0,
      "firstSaleDate": "2025-09-28T20:00:00.000Z",
      "lastSaleDate": "2025-12-05T20:00:00.000Z"
    },
    {
      "name": "Creamy Sundried Tomatoes and Spinach Salmon Platter",
      "category": "Hot Meals",
      "productGroup": "Food Items",
      "barcode": null,
      "unitOfMeasure": "Portion",
      "timesSold": 6,
      "totalQuantity": 17,
      "totalRevenue": 0,
      "avgUnitPrice": 0,
      "firstSaleDate": "2025-10-05T20:00:00.000Z",
      "lastSaleDate": "2025-12-05T20:00:00.000Z"
    },
    {
      "name": "Croissant Croque Monsieur",
      "category": "Breakfast",
      "productGroup": "Food Items",
      "barcode": "0123457664",
      "unitOfMeasure": "unit",
      "timesSold": 20,
      "totalQuantity": 22,
      "totalRevenue": 0,
      "avgUnitPrice": 0,
      "firstSaleDate": "2025-10-05T20:00:00.000Z",
      "lastSaleDate": "2025-12-05T20:00:00.000Z"
    },
    {
      "name": "Cucumber",
      "category": "Fruits & Vegetables",
      "productGroup": null,
      "barcode": "0123457670",
      "unitOfMeasure": "KG",
      "timesSold": 7,
      "totalQuantity": 14.1,
      "totalRevenue": 0,
      "avgUnitPrice": 0,
      "firstSaleDate": "2025-09-14T20:00:00.000Z",
      "lastSaleDate": "2026-01-07T20:00:00.000Z"
    },
    {
      "name": "Cucumber & Laban Salad",
      "category": "Salads",
      "productGroup": "Food Items",
      "barcode": "0123457671",
      "unitOfMeasure": "KG",
      "timesSold": 1,
      "totalQuantity": 10,
      "totalRevenue": 0,
      "avgUnitPrice": 0,
      "firstSaleDate": "2025-09-22T20:00:00.000Z",
      "lastSaleDate": "2025-09-22T20:00:00.000Z"
    },
    {
      "name": "Dolma 1 Kg",
      "category": "Hot Meals",
      "productGroup": "Food Items",
      "barcode": "0123457698",
      "unitOfMeasure": "KG",
      "timesSold": 3,
      "totalQuantity": 6,
      "totalRevenue": 0,
      "avgUnitPrice": 0,
      "firstSaleDate": "2025-08-31T20:00:00.000Z",
      "lastSaleDate": "2025-09-14T20:00:00.000Z"
    },
    {
      "name": "Dry Dates Seedless",
      "category": "Fruits & Vegetables",
      "productGroup": null,
      "barcode": "0123457713",
      "unitOfMeasure": "KG",
      "timesSold": 1,
      "totalQuantity": 1,
      "totalRevenue": 0,
      "avgUnitPrice": 0,
      "firstSaleDate": "2025-12-01T20:00:00.000Z",
      "lastSaleDate": "2025-12-01T20:00:00.000Z"
    },
    {
      "name": "Egg Fried Rice 1 KG",
      "category": "Breakfast",
      "productGroup": "Food Items",
      "barcode": "0123457723",
      "unitOfMeasure": "KG",
      "timesSold": 1,
      "totalQuantity": 2,
      "totalRevenue": 0,
      "avgUnitPrice": 0,
      "firstSaleDate": "2025-09-23T20:00:00.000Z",
      "lastSaleDate": "2025-09-23T20:00:00.000Z"
    },
    {
      "name": "Egg Noodle",
      "category": "Pasta",
      "productGroup": null,
      "barcode": "0123457724",
      "unitOfMeasure": "KG",
      "timesSold": 1,
      "totalQuantity": 4.8,
      "totalRevenue": 0,
      "avgUnitPrice": 0,
      "firstSaleDate": "2025-12-01T20:00:00.000Z",
      "lastSaleDate": "2025-12-01T20:00:00.000Z"
    },
    {
      "name": "Egg Wrap",
      "category": "Breakfast",
      "productGroup": "Food Items",
      "barcode": "0123457727",
      "unitOfMeasure": "unit",
      "timesSold": 7,
      "totalQuantity": 182,
      "totalRevenue": 0,
      "avgUnitPrice": 0,
      "firstSaleDate": "2025-08-31T20:00:00.000Z",
      "lastSaleDate": "2025-10-31T20:00:00.000Z"
    },
    {
      "name": "Eggplant Makdous",
      "category": "Fruits & Vegetables",
      "productGroup": null,
      "barcode": "0123457732",
      "unitOfMeasure": "KG",
      "timesSold": 2,
      "totalQuantity": 1.2,
      "totalRevenue": 0,
      "avgUnitPrice": 0,
      "firstSaleDate": "2025-09-05T20:00:00.000Z",
      "lastSaleDate": "2025-09-14T20:00:00.000Z"
    },
    {
      "name": "Eggs UNIT",
      "category": "Dairy Products",
      "productGroup": null,
      "barcode": "0123457736",
      "unitOfMeasure": "unit",
      "timesSold": 30,
      "totalQuantity": 900,
      "totalRevenue": 0,
      "avgUnitPrice": 0,
      "firstSaleDate": "2025-08-31T20:00:00.000Z",
      "lastSaleDate": "2025-10-31T20:00:00.000Z"
    },
    {
      "name": "Exotic Fruit Plate",
      "category": "Fruits & Vegetables",
      "productGroup": null,
      "barcode": "0123457741",
      "unitOfMeasure": "KG",
      "timesSold": 46,
      "totalQuantity": 270,
      "totalRevenue": 0,
      "avgUnitPrice": 0,
      "firstSaleDate": "2025-08-31T20:00:00.000Z",
      "lastSaleDate": "2025-10-31T20:00:00.000Z"
    },
    {
      "name": "Falafel Unit",
      "category": "Hot Meals",
      "productGroup": "Food Items",
      "barcode": null,
      "unitOfMeasure": "Portion",
      "timesSold": 9,
      "totalQuantity": 350,
      "totalRevenue": 0,
      "avgUnitPrice": 0,
      "firstSaleDate": "2025-08-31T20:00:00.000Z",
      "lastSaleDate": "2025-10-31T20:00:00.000Z"
    },
    {
      "name": "Fish with Lemon Garlic Butter sauce & Coconut Cantonese Rice",
      "category": "OBB",
      "productGroup": null,
      "barcode": null,
      "unitOfMeasure": "Portion",
      "timesSold": 8,
      "totalQuantity": 13,
      "totalRevenue": 0,
      "avgUnitPrice": 0,
      "firstSaleDate": "2025-09-28T20:00:00.000Z",
      "lastSaleDate": "2025-12-05T20:00:00.000Z"
    },
    {
      "name": "French Toast 1 Kg",
      "category": "Breakfast",
      "productGroup": "Food Items",
      "barcode": null,
      "unitOfMeasure": "KG",
      "timesSold": 10,
      "totalQuantity": 10,
      "totalRevenue": 0,
      "avgUnitPrice": 0,
      "firstSaleDate": "2025-08-31T20:00:00.000Z",
      "lastSaleDate": "2025-10-28T20:00:00.000Z"
    },
    {
      "name": "Fresh Lemonade 1 L",
      "category": "Beverages",
      "productGroup": null,
      "barcode": "0123457839",
      "unitOfMeasure": "LITRE",
      "timesSold": 4,
      "totalQuantity": 13,
      "totalRevenue": 0,
      "avgUnitPrice": 0,
      "firstSaleDate": "2025-09-05T20:00:00.000Z",
      "lastSaleDate": "2025-12-01T20:00:00.000Z"
    },
    {
      "name": "Fresh Yogurt (Ayran)",
      "category": "Dairy Products",
      "productGroup": null,
      "barcode": "0123457840",
      "unitOfMeasure": "LITRE",
      "timesSold": 1,
      "totalQuantity": 10,
      "totalRevenue": 0,
      "avgUnitPrice": 0,
      "firstSaleDate": "2025-09-22T20:00:00.000Z",
      "lastSaleDate": "2025-09-22T20:00:00.000Z"
    },
    {
      "name": "Fruit Salad",
      "category": "Salads",
      "productGroup": "Food Items",
      "barcode": "0123457849",
      "unitOfMeasure": "Portion",
      "timesSold": 69,
      "totalQuantity": 302,
      "totalRevenue": 0,
      "avgUnitPrice": 0,
      "firstSaleDate": "2025-09-15T20:00:00.000Z",
      "lastSaleDate": "2025-12-05T20:00:00.000Z"
    },
    {
      "name": "Garlic & Parmesan Chicken Skewers W Potato Wedges Portion",
      "category": "Hot Meals",
      "productGroup": "Food Items",
      "barcode": "0123457855",
      "unitOfMeasure": "Portion",
      "timesSold": 8,
      "totalQuantity": 15,
      "totalRevenue": 0,
      "avgUnitPrice": 0,
      "firstSaleDate": "2025-10-05T20:00:00.000Z",
      "lastSaleDate": "2025-12-05T20:00:00.000Z"
    },
    {
      "name": "Granola Small Cups",
      "category": "Breakfast",
      "productGroup": "Food Items",
      "barcode": null,
      "unitOfMeasure": "unit",
      "timesSold": 1,
      "totalQuantity": 20,
      "totalRevenue": 0,
      "avgUnitPrice": 0,
      "firstSaleDate": "2025-12-01T20:00:00.000Z",
      "lastSaleDate": "2025-12-01T20:00:00.000Z"
    },
    {
      "name": "Grapes Red Seedless",
      "category": "Fruits & Vegetables",
      "productGroup": null,
      "barcode": "0123457874",
      "unitOfMeasure": "KG",
      "timesSold": 2,
      "totalQuantity": 2,
      "totalRevenue": 0,
      "avgUnitPrice": 0,
      "firstSaleDate": "2025-12-01T20:00:00.000Z",
      "lastSaleDate": "2026-01-07T20:00:00.000Z"
    },
    {
      "name": "Grapes White Green",
      "category": "Fruits & Vegetables",
      "productGroup": null,
      "barcode": "0123457875",
      "unitOfMeasure": "KG",
      "timesSold": 3,
      "totalQuantity": 6.8,
      "totalRevenue": 0,
      "avgUnitPrice": 0,
      "firstSaleDate": "2025-12-01T20:00:00.000Z",
      "lastSaleDate": "2026-01-07T20:00:00.000Z"
    },
    {
      "name": "Green Bell Pepper",
      "category": "Fruits & Vegetables",
      "productGroup": null,
      "barcode": "0123457886",
      "unitOfMeasure": "KG",
      "timesSold": 2,
      "totalQuantity": 1.5,
      "totalRevenue": 0,
      "avgUnitPrice": 0,
      "firstSaleDate": "2025-11-07T20:00:00.000Z",
      "lastSaleDate": "2026-01-07T20:00:00.000Z"
    },
    {
      "name": "Green Olives",
      "category": "Condiments",
      "productGroup": null,
      "barcode": null,
      "unitOfMeasure": "KG",
      "timesSold": 5,
      "totalQuantity": 2.5,
      "totalRevenue": 0,
      "avgUnitPrice": 0,
      "firstSaleDate": "2025-10-28T20:00:00.000Z",
      "lastSaleDate": "2025-10-31T20:00:00.000Z"
    },
    {
      "name": "Green Tea Sachet",
      "category": "Beverages",
      "productGroup": null,
      "barcode": "0123457896",
      "unitOfMeasure": "unit",
      "timesSold": 1,
      "totalQuantity": 10,
      "totalRevenue": 0,
      "avgUnitPrice": 0,
      "firstSaleDate": "2025-12-01T20:00:00.000Z",
      "lastSaleDate": "2025-12-01T20:00:00.000Z"
    },
    {
      "name": "Grilled Beef Kafta Platter",
      "category": "OBB",
      "productGroup": null,
      "barcode": "0123457897",
      "unitOfMeasure": "Portion",
      "timesSold": 1,
      "totalQuantity": 3,
      "totalRevenue": 0,
      "avgUnitPrice": 0,
      "firstSaleDate": "2025-11-11T20:00:00.000Z",
      "lastSaleDate": "2025-11-11T20:00:00.000Z"
    },
    {
      "name": "Grilled Chicken with Creamy Mushroom Sauce Platter",
      "category": "OBB",
      "productGroup": null,
      "barcode": "0123457899",
      "unitOfMeasure": "Portion",
      "timesSold": 9,
      "totalQuantity": 15,
      "totalRevenue": 0,
      "avgUnitPrice": 0,
      "firstSaleDate": "2025-10-05T20:00:00.000Z",
      "lastSaleDate": "2025-12-05T20:00:00.000Z"
    },
    {
      "name": "Halloumi Skewer",
      "category": "Appetizers",
      "productGroup": "Food Items",
      "barcode": null,
      "unitOfMeasure": "unit",
      "timesSold": 2,
      "totalQuantity": 80,
      "totalRevenue": 0,
      "avgUnitPrice": 0,
      "firstSaleDate": "2025-09-05T20:00:00.000Z",
      "lastSaleDate": "2025-09-14T20:00:00.000Z"
    },
    {
      "name": "Hash Brown Supplier",
      "category": "Hot Meals",
      "productGroup": "Food Items",
      "barcode": null,
      "unitOfMeasure": "KG",
      "timesSold": 11,
      "totalQuantity": 19.5,
      "totalRevenue": 0,
      "avgUnitPrice": 0,
      "firstSaleDate": "2025-08-31T20:00:00.000Z",
      "lastSaleDate": "2025-10-28T20:00:00.000Z"
    },
    {
      "name": "Hm Beef BBQ W/ Stir Fried Vegetables",
      "category": "Hot Meals",
      "productGroup": "Food Items",
      "barcode": "0123459380",
      "unitOfMeasure": "Portion",
      "timesSold": 2,
      "totalQuantity": 3,
      "totalRevenue": 0,
      "avgUnitPrice": 0,
      "firstSaleDate": "2025-10-19T20:00:00.000Z",
      "lastSaleDate": "2025-10-31T20:00:00.000Z"
    },
    {
      "name": "Hm Beef Bourguignon",
      "category": "Hot Meals",
      "productGroup": "Food Items",
      "barcode": "0123459382",
      "unitOfMeasure": "Portion",
      "timesSold": 6,
      "totalQuantity": 8,
      "totalRevenue": 0,
      "avgUnitPrice": 0,
      "firstSaleDate": "2025-10-05T20:00:00.000Z",
      "lastSaleDate": "2025-12-05T20:00:00.000Z"
    },
    {
      "name": "Hm Beef Stew",
      "category": "Hot Meals",
      "productGroup": "Food Items",
      "barcode": "0123459409",
      "unitOfMeasure": "Portion",
      "timesSold": 9,
      "totalQuantity": 12,
      "totalRevenue": 0,
      "avgUnitPrice": 0,
      "firstSaleDate": "2025-09-28T20:00:00.000Z",
      "lastSaleDate": "2025-12-05T20:00:00.000Z"
    },
    {
      "name": "Hm Chicken King",
      "category": "Hot Meals",
      "productGroup": "Food Items",
      "barcode": "0123459444",
      "unitOfMeasure": "Portion",
      "timesSold": 3,
      "totalQuantity": 6,
      "totalRevenue": 0,
      "avgUnitPrice": 0,
      "firstSaleDate": "2025-10-19T20:00:00.000Z",
      "lastSaleDate": "2025-10-31T20:00:00.000Z"
    },
    {
      "name": "Hm Daoud Basha",
      "category": "Hot Meals",
      "productGroup": "Food Items",
      "barcode": "0123459484",
      "unitOfMeasure": "Portion",
      "timesSold": 6,
      "totalQuantity": 9,
      "totalRevenue": 0,
      "avgUnitPrice": 0,
      "firstSaleDate": "2025-10-19T20:00:00.000Z",
      "lastSaleDate": "2025-12-03T20:00:00.000Z"
    },
    {
      "name": "Hm Fish With Tomato Sauce",
      "category": "Hot Meals",
      "productGroup": "Food Items",
      "barcode": "0123459504",
      "unitOfMeasure": "Portion",
      "timesSold": 9,
      "totalQuantity": 12,
      "totalRevenue": 0,
      "avgUnitPrice": 0,
      "firstSaleDate": "2025-09-28T20:00:00.000Z",
      "lastSaleDate": "2025-12-05T20:00:00.000Z"
    },
    {
      "name": "Hm Mousakka",
      "category": "Hot Meals",
      "productGroup": "Food Items",
      "barcode": "0123459527",
      "unitOfMeasure": "unit",
      "timesSold": 2,
      "totalQuantity": 2,
      "totalRevenue": 0,
      "avgUnitPrice": 0,
      "firstSaleDate": "2025-10-05T20:00:00.000Z",
      "lastSaleDate": "2025-10-31T20:00:00.000Z"
    },
    {
      "name": "Hm Pasta Chinese Noodles",
      "category": "Hot Meals",
      "productGroup": "Food Items",
      "barcode": "0123459537",
      "unitOfMeasure": "Portion",
      "timesSold": 6,
      "totalQuantity": 7,
      "totalRevenue": 0,
      "avgUnitPrice": 0,
      "firstSaleDate": "2025-09-28T20:00:00.000Z",
      "lastSaleDate": "2025-12-05T20:00:00.000Z"
    },
    {
      "name": "Hm Pasta Spaghetti Pomodoro",
      "category": "Hot Meals",
      "productGroup": "Food Items",
      "barcode": "0123459547",
      "unitOfMeasure": "Portion",
      "timesSold": 1,
      "totalQuantity": 1,
      "totalRevenue": 0,
      "avgUnitPrice": 0,
      "firstSaleDate": "2025-10-31T20:00:00.000Z",
      "lastSaleDate": "2025-10-31T20:00:00.000Z"
    },
    {
      "name": "Hm Shepherd's Pie",
      "category": "Hot Meals",
      "productGroup": "Food Items",
      "barcode": "0123459561",
      "unitOfMeasure": "Portion",
      "timesSold": 1,
      "totalQuantity": 1,
      "totalRevenue": 0,
      "avgUnitPrice": 0,
      "firstSaleDate": "2025-10-05T20:00:00.000Z",
      "lastSaleDate": "2025-10-05T20:00:00.000Z"
    },
    {
      "name": "Hm Shepherd's Pie with Braised Brisket",
      "category": "Hot Meals",
      "productGroup": "Food Items",
      "barcode": "0123459562",
      "unitOfMeasure": "Portion",
      "timesSold": 1,
      "totalQuantity": 1,
      "totalRevenue": 0,
      "avgUnitPrice": 0,
      "firstSaleDate": "2025-09-07T20:00:00.000Z",
      "lastSaleDate": "2025-09-07T20:00:00.000Z"
    },
    {
      "name": "Hm Stuffed Zucchini And Vine Leave",
      "category": "Hot Meals",
      "productGroup": "Food Items",
      "barcode": "0123459565",
      "unitOfMeasure": "Portion",
      "timesSold": 5,
      "totalQuantity": 8,
      "totalRevenue": 0,
      "avgUnitPrice": 0,
      "firstSaleDate": "2025-10-05T20:00:00.000Z",
      "lastSaleDate": "2025-12-05T20:00:00.000Z"
    },
    {
      "name": "Honey",
      "category": "Vinegar&Seasonings",
      "productGroup": null,
      "barcode": "0123459572",
      "unitOfMeasure": "LITRE",
      "timesSold": 25,
      "totalQuantity": 11.3,
      "totalRevenue": 0,
      "avgUnitPrice": 0,
      "firstSaleDate": "2025-09-05T20:00:00.000Z",
      "lastSaleDate": "2025-10-31T20:00:00.000Z"
    },
    {
      "name": "Hyg, Bar Napkin",
      "category": "Hygiene",
      "productGroup": "Packages",
      "barcode": null,
      "unitOfMeasure": "BOX",
      "timesSold": 23,
      "totalQuantity": 1.175,
      "totalRevenue": 0,
      "avgUnitPrice": 0,
      "firstSaleDate": "2025-09-14T20:00:00.000Z",
      "lastSaleDate": "2025-10-21T20:00:00.000Z"
    },
    {
      "name": "Jam Portion",
      "category": "Desserts",
      "productGroup": "Food Items",
      "barcode": null,
      "unitOfMeasure": "unit",
      "timesSold": 3,
      "totalQuantity": 45,
      "totalRevenue": 0,
      "avgUnitPrice": 0,
      "firstSaleDate": "2025-09-30T20:00:00.000Z",
      "lastSaleDate": "2025-10-08T20:00:00.000Z"
    },
    {
      "name": "Juice 1.5 Liters",
      "category": "Beverages",
      "productGroup": null,
      "barcode": null,
      "unitOfMeasure": "LITRE",
      "timesSold": 47,
      "totalQuantity": 277.5,
      "totalRevenue": 0,
      "avgUnitPrice": 0,
      "firstSaleDate": "2025-08-31T20:00:00.000Z",
      "lastSaleDate": "2025-10-31T20:00:00.000Z"
    },
    {
      "name": "Juice, Apple 200Ml",
      "category": "Beverages",
      "productGroup": null,
      "barcode": "0123459608",
      "unitOfMeasure": "unit",
      "timesSold": 1,
      "totalQuantity": 11,
      "totalRevenue": 0,
      "avgUnitPrice": 0,
      "firstSaleDate": "2025-11-03T20:00:00.000Z",
      "lastSaleDate": "2025-11-03T20:00:00.000Z"
    },
    {
      "name": "Kebbe Saynieh 1 KG",
      "category": "Hot Meals",
      "productGroup": "Food Items",
      "barcode": "0123459636",
      "unitOfMeasure": "KG",
      "timesSold": 1,
      "totalQuantity": 1.58,
      "totalRevenue": 0,
      "avgUnitPrice": 0,
      "firstSaleDate": "2025-09-07T20:00:00.000Z",
      "lastSaleDate": "2025-09-07T20:00:00.000Z"
    },
    {
      "name": "Kiwi",
      "category": "Fruits & Vegetables",
      "productGroup": null,
      "barcode": "0123459649",
      "unitOfMeasure": "KG",
      "timesSold": 5,
      "totalQuantity": 8,
      "totalRevenue": 0,
      "avgUnitPrice": 0,
      "firstSaleDate": "2025-10-29T20:00:00.000Z",
      "lastSaleDate": "2026-01-07T20:00:00.000Z"
    },
    {
      "name": "Labne KG",
      "category": "Dairy Products",
      "productGroup": null,
      "barcode": "0123459654",
      "unitOfMeasure": "KG",
      "timesSold": 18,
      "totalQuantity": 28,
      "totalRevenue": 0,
      "avgUnitPrice": 0,
      "firstSaleDate": "2025-08-31T20:00:00.000Z",
      "lastSaleDate": "2025-10-28T20:00:00.000Z"
    },
    {
      "name": "Labneh & Zaatar Mini Croissant",
      "category": "Appetizers",
      "productGroup": "Food Items",
      "barcode": "0123459656",
      "unitOfMeasure": "unit",
      "timesSold": 6,
      "totalQuantity": 6,
      "totalRevenue": 0,
      "avgUnitPrice": 0,
      "firstSaleDate": "2025-09-28T20:00:00.000Z",
      "lastSaleDate": "2025-12-03T20:00:00.000Z"
    },
    {
      "name": "Lazy Cake Kg",
      "category": "Basic Sub- Recipe",
      "productGroup": "Food Items",
      "barcode": "0123459684",
      "unitOfMeasure": "KG",
      "timesSold": 7,
      "totalQuantity": 88,
      "totalRevenue": 0,
      "avgUnitPrice": 0,
      "firstSaleDate": "2025-09-18T20:00:00.000Z",
      "lastSaleDate": "2025-10-23T20:00:00.000Z"
    },
    {
      "name": "Lentil Soup Portion",
      "category": "Soups",
      "productGroup": "Food Items",
      "barcode": "0123459702",
      "unitOfMeasure": "Portion",
      "timesSold": 3,
      "totalQuantity": 4,
      "totalRevenue": 0,
      "avgUnitPrice": 0,
      "firstSaleDate": "2025-10-19T20:00:00.000Z",
      "lastSaleDate": "2025-12-05T20:00:00.000Z"
    },
    {
      "name": "Lettuce Iceberg",
      "category": "Fruits & Vegetables",
      "productGroup": null,
      "barcode": "0123459705",
      "unitOfMeasure": "KG",
      "timesSold": 1,
      "totalQuantity": 15,
      "totalRevenue": 0,
      "avgUnitPrice": 0,
      "firstSaleDate": "2025-12-01T20:00:00.000Z",
      "lastSaleDate": "2025-12-01T20:00:00.000Z"
    },
    {
      "name": "Lettuce Romaine",
      "category": "Fruits & Vegetables",
      "productGroup": null,
      "barcode": "0123459706",
      "unitOfMeasure": "KG",
      "timesSold": 2,
      "totalQuantity": 29,
      "totalRevenue": 0,
      "avgUnitPrice": 0,
      "firstSaleDate": "2025-12-01T20:00:00.000Z",
      "lastSaleDate": "2026-01-07T20:00:00.000Z"
    },
    {
      "name": "Lipton Tea bag Black",
      "category": "Beverages",
      "productGroup": null,
      "barcode": null,
      "unitOfMeasure": "unit",
      "timesSold": 1,
      "totalQuantity": 10,
      "totalRevenue": 0,
      "avgUnitPrice": 0,
      "firstSaleDate": "2025-12-01T20:00:00.000Z",
      "lastSaleDate": "2025-12-01T20:00:00.000Z"
    },
    {
      "name": "Loaf English Cake Choco",
      "category": "Basic Sub- Recipe",
      "productGroup": "Food Items",
      "barcode": "0123459714",
      "unitOfMeasure": "unit",
      "timesSold": 1,
      "totalQuantity": 10,
      "totalRevenue": 0,
      "avgUnitPrice": 0,
      "firstSaleDate": "2025-12-01T20:00:00.000Z",
      "lastSaleDate": "2025-12-01T20:00:00.000Z"
    },
    {
      "name": "Lollo Rosso",
      "category": "Fruits & Vegetables",
      "productGroup": null,
      "barcode": "0123459717",
      "unitOfMeasure": "KG",
      "timesSold": 1,
      "totalQuantity": 2.5,
      "totalRevenue": 0,
      "avgUnitPrice": 0,
      "firstSaleDate": "2025-12-01T20:00:00.000Z",
      "lastSaleDate": "2025-12-01T20:00:00.000Z"
    },
    {
      "name": "Lollo Verde",
      "category": "Fruits & Vegetables",
      "productGroup": null,
      "barcode": "0123459718",
      "unitOfMeasure": "KG",
      "timesSold": 1,
      "totalQuantity": 2.5,
      "totalRevenue": 0,
      "avgUnitPrice": 0,
      "firstSaleDate": "2025-12-01T20:00:00.000Z",
      "lastSaleDate": "2025-12-01T20:00:00.000Z"
    },
    {
      "name": "MP Hummus Dip With Veggies",
      "category": "Appetizers",
      "productGroup": "Food Items",
      "barcode": "0123460013",
      "unitOfMeasure": "Portion",
      "timesSold": 2,
      "totalQuantity": 2,
      "totalRevenue": 0,
      "avgUnitPrice": 0,
      "firstSaleDate": "2025-09-07T20:00:00.000Z",
      "lastSaleDate": "2025-09-09T20:00:00.000Z"
    },
    {
      "name": "Mango",
      "category": "Fruits & Vegetables",
      "productGroup": null,
      "barcode": "0123459742",
      "unitOfMeasure": "KG",
      "timesSold": 1,
      "totalQuantity": 5,
      "totalRevenue": 0,
      "avgUnitPrice": 0,
      "firstSaleDate": "2025-12-01T20:00:00.000Z",
      "lastSaleDate": "2025-12-01T20:00:00.000Z"
    },
    {
      "name": "Mango Kunafa Cups",
      "category": "Desserts",
      "productGroup": "Food Items",
      "barcode": null,
      "unitOfMeasure": "unit",
      "timesSold": 1,
      "totalQuantity": 20,
      "totalRevenue": 0,
      "avgUnitPrice": 0,
      "firstSaleDate": "2025-12-01T20:00:00.000Z",
      "lastSaleDate": "2025-12-01T20:00:00.000Z"
    },
    {
      "name": "Milk Powder",
      "category": "Dairy Products",
      "productGroup": null,
      "barcode": "0123459789",
      "unitOfMeasure": "KG",
      "timesSold": 2,
      "totalQuantity": 2.75,
      "totalRevenue": 0,
      "avgUnitPrice": 0,
      "firstSaleDate": "2025-12-01T20:00:00.000Z",
      "lastSaleDate": "2025-12-01T20:00:00.000Z"
    },
    {
      "name": "Mini Bun Chicken",
      "category": "Sandwiches",
      "productGroup": "Food Items",
      "barcode": "0123459791",
      "unitOfMeasure": "unit",
      "timesSold": 9,
      "totalQuantity": 345,
      "totalRevenue": 0,
      "avgUnitPrice": 0,
      "firstSaleDate": "2025-08-31T20:00:00.000Z",
      "lastSaleDate": "2025-10-21T20:00:00.000Z"
    },
    {
      "name": "Mini Bun Chicken Pesto",
      "category": "Appetizers",
      "productGroup": "Food Items",
      "barcode": null,
      "unitOfMeasure": "unit",
      "timesSold": 10,
      "totalQuantity": 385,
      "totalRevenue": 0,
      "avgUnitPrice": 0,
      "firstSaleDate": "2025-08-31T20:00:00.000Z",
      "lastSaleDate": "2025-10-28T20:00:00.000Z"
    },
    {
      "name": "Mini Bun Feta",
      "category": "Appetizers",
      "productGroup": "Food Items",
      "barcode": "0123459792",
      "unitOfMeasure": "unit",
      "timesSold": 8,
      "totalQuantity": 244,
      "totalRevenue": 0,
      "avgUnitPrice": 0,
      "firstSaleDate": "2025-09-16T20:00:00.000Z",
      "lastSaleDate": "2025-11-07T20:00:00.000Z"
    },
    {
      "name": "Mini Bun Halloumi",
      "category": "Sandwiches",
      "productGroup": "Food Items",
      "barcode": "0123459793",
      "unitOfMeasure": "unit",
      "timesSold": 9,
      "totalQuantity": 305,
      "totalRevenue": 0,
      "avgUnitPrice": 0,
      "firstSaleDate": "2025-08-31T20:00:00.000Z",
      "lastSaleDate": "2025-12-01T20:00:00.000Z"
    },
    {
      "name": "Mini Bun Turkey & Cheese",
      "category": "Appetizers",
      "productGroup": "Food Items",
      "barcode": "0123459795",
      "unitOfMeasure": "unit",
      "timesSold": 4,
      "totalQuantity": 164,
      "totalRevenue": 0,
      "avgUnitPrice": 0,
      "firstSaleDate": "2025-09-30T20:00:00.000Z",
      "lastSaleDate": "2025-12-01T20:00:00.000Z"
    },
    {
      "name": "Mini Fatayer Cheese",
      "category": "Appetizers",
      "productGroup": "Food Items",
      "barcode": "0123459809",
      "unitOfMeasure": "unit",
      "timesSold": 6,
      "totalQuantity": 190,
      "totalRevenue": 0,
      "avgUnitPrice": 0,
      "firstSaleDate": "2025-08-31T20:00:00.000Z",
      "lastSaleDate": "2025-10-23T20:00:00.000Z"
    },
    {
      "name": "Mini Manakish Cheese",
      "category": "Breakfast",
      "productGroup": "Food Items",
      "barcode": null,
      "unitOfMeasure": "unit",
      "timesSold": 17,
      "totalQuantity": 492,
      "totalRevenue": 0,
      "avgUnitPrice": 0,
      "firstSaleDate": "2025-09-16T20:00:00.000Z",
      "lastSaleDate": "2025-12-01T20:00:00.000Z"
    },
    {
      "name": "Mini Manakish Zaatar",
      "category": "Breakfast",
      "productGroup": "Food Items",
      "barcode": null,
      "unitOfMeasure": "unit",
      "timesSold": 22,
      "totalQuantity": 657,
      "totalRevenue": 0,
      "avgUnitPrice": 0.045454545454545456,
      "firstSaleDate": "2025-08-31T20:00:00.000Z",
      "lastSaleDate": "2025-12-01T20:00:00.000Z"
    },
    {
      "name": "Mini Pizza Pepperoni",
      "category": "Appetizers",
      "productGroup": "Food Items",
      "barcode": "0123459814",
      "unitOfMeasure": "unit",
      "timesSold": 1,
      "totalQuantity": 48,
      "totalRevenue": 0,
      "avgUnitPrice": 0,
      "firstSaleDate": "2025-10-26T20:00:00.000Z",
      "lastSaleDate": "2025-10-26T20:00:00.000Z"
    },
    {
      "name": "Mini Pizza Veggie",
      "category": "Pizza",
      "productGroup": "Food Items",
      "barcode": "0123460383",
      "unitOfMeasure": "unit",
      "timesSold": 7,
      "totalQuantity": 230,
      "totalRevenue": 0,
      "avgUnitPrice": 0,
      "firstSaleDate": "2025-09-25T20:00:00.000Z",
      "lastSaleDate": "2025-10-28T20:00:00.000Z"
    },
    {
      "name": "Mini Raspberry Tart",
      "category": "Desserts",
      "productGroup": "Food Items",
      "barcode": "0123459815",
      "unitOfMeasure": "unit",
      "timesSold": 1,
      "totalQuantity": 20,
      "totalRevenue": 0,
      "avgUnitPrice": 0,
      "firstSaleDate": "2025-10-26T20:00:00.000Z",
      "lastSaleDate": "2025-10-26T20:00:00.000Z"
    },
    {
      "name": "Mini Sandwich Smoked Chicken Avocado",
      "category": "Sandwiches",
      "productGroup": "Food Items",
      "barcode": "0123460802",
      "unitOfMeasure": "unit",
      "timesSold": 1,
      "totalQuantity": 18,
      "totalRevenue": 0,
      "avgUnitPrice": 0,
      "firstSaleDate": "2025-09-30T20:00:00.000Z",
      "lastSaleDate": "2025-09-30T20:00:00.000Z"
    },
    {
      "name": "Mint Leaves",
      "category": "Fruits & Vegetables",
      "productGroup": null,
      "barcode": "0123459820",
      "unitOfMeasure": "KG",
      "timesSold": 2,
      "totalQuantity": 1.5,
      "totalRevenue": 0,
      "avgUnitPrice": 0,
      "firstSaleDate": "2025-11-07T20:00:00.000Z",
      "lastSaleDate": "2026-01-07T20:00:00.000Z"
    },
    {
      "name": "Mushroom Soup Portion",
      "category": "Soups",
      "productGroup": "Food Items",
      "barcode": "0123460178",
      "unitOfMeasure": "Portion",
      "timesSold": 4,
      "totalQuantity": 6,
      "totalRevenue": 0,
      "avgUnitPrice": 0,
      "firstSaleDate": "2025-10-19T20:00:00.000Z",
      "lastSaleDate": "2025-12-03T20:00:00.000Z"
    },
    {
      "name": "Nescafe Gold",
      "category": "Beverages",
      "productGroup": null,
      "barcode": "0123460196",
      "unitOfMeasure": "GM",
      "timesSold": 2,
      "totalQuantity": 2.02,
      "totalRevenue": 0,
      "avgUnitPrice": 0,
      "firstSaleDate": "2025-12-01T20:00:00.000Z",
      "lastSaleDate": "2025-12-01T20:00:00.000Z"
    },
    {
      "name": "Olives, Black Sliced",
      "category": "Fruits & Vegetables",
      "productGroup": null,
      "barcode": "0123460209",
      "unitOfMeasure": "KG",
      "timesSold": 1,
      "totalQuantity": 0.25,
      "totalRevenue": 0,
      "avgUnitPrice": 0,
      "firstSaleDate": "2025-09-14T20:00:00.000Z",
      "lastSaleDate": "2025-09-14T20:00:00.000Z"
    },
    {
      "name": "Olives, Green Sliced",
      "category": "Fruits & Vegetables",
      "productGroup": null,
      "barcode": "0123460210",
      "unitOfMeasure": "KG",
      "timesSold": 1,
      "totalQuantity": 0.5,
      "totalRevenue": 0,
      "avgUnitPrice": 0,
      "firstSaleDate": "2025-10-14T20:00:00.000Z",
      "lastSaleDate": "2025-10-14T20:00:00.000Z"
    },
    {
      "name": "Omelet W/ Cream Cheese Plate",
      "category": "Breakfast",
      "productGroup": "Food Items",
      "barcode": "0123460212",
      "unitOfMeasure": "Portion",
      "timesSold": 9,
      "totalQuantity": 9,
      "totalRevenue": 0,
      "avgUnitPrice": 0,
      "firstSaleDate": "2025-09-30T20:00:00.000Z",
      "lastSaleDate": "2025-12-04T20:00:00.000Z"
    },
    {
      "name": "Onion Soup Portion",
      "category": "Soups",
      "productGroup": "Food Items",
      "barcode": "0123460217",
      "unitOfMeasure": "Portion",
      "timesSold": 3,
      "totalQuantity": 4,
      "totalRevenue": 0,
      "avgUnitPrice": 0,
      "firstSaleDate": "2025-12-03T20:00:00.000Z",
      "lastSaleDate": "2025-12-05T20:00:00.000Z"
    },
    {
      "name": "Open Kebbe Stuffed Hummus bi tahini",
      "category": "Appetizers",
      "productGroup": "Food Items",
      "barcode": null,
      "unitOfMeasure": "unit",
      "timesSold": 1,
      "totalQuantity": 40,
      "totalRevenue": 0,
      "avgUnitPrice": 0,
      "firstSaleDate": "2025-10-26T20:00:00.000Z",
      "lastSaleDate": "2025-10-26T20:00:00.000Z"
    },
    {
      "name": "Open Kebbe Stuffed with Muhammara",
      "category": "Appetizers",
      "productGroup": "Food Items",
      "barcode": null,
      "unitOfMeasure": "unit",
      "timesSold": 1,
      "totalQuantity": 40,
      "totalRevenue": 0,
      "avgUnitPrice": 0,
      "firstSaleDate": "2025-10-26T20:00:00.000Z",
      "lastSaleDate": "2025-10-26T20:00:00.000Z"
    },
    {
      "name": "Orange",
      "category": "Fruits & Vegetables",
      "productGroup": null,
      "barcode": "0123460223",
      "unitOfMeasure": "KG",
      "timesSold": 3,
      "totalQuantity": 14,
      "totalRevenue": 0,
      "avgUnitPrice": 0,
      "firstSaleDate": "2025-11-25T20:00:00.000Z",
      "lastSaleDate": "2026-01-07T20:00:00.000Z"
    },
    {
      "name": "Pasta Alfredo 1 Kg",
      "category": "Hot Meals",
      "productGroup": "Food Items",
      "barcode": null,
      "unitOfMeasure": "KG",
      "timesSold": 7,
      "totalQuantity": 16,
      "totalRevenue": 0,
      "avgUnitPrice": 0,
      "firstSaleDate": "2025-09-16T20:00:00.000Z",
      "lastSaleDate": "2025-10-28T20:00:00.000Z"
    },
    {
      "name": "Pasta, Penne Raw",
      "category": "Pasta",
      "productGroup": null,
      "barcode": "0123460291",
      "unitOfMeasure": "KG",
      "timesSold": 1,
      "totalQuantity": 7,
      "totalRevenue": 0,
      "avgUnitPrice": 0,
      "firstSaleDate": "2025-12-01T20:00:00.000Z",
      "lastSaleDate": "2025-12-01T20:00:00.000Z"
    },
    {
      "name": "Pckg,  Brown Bag",
      "category": "Packages",
      "productGroup": "Packages",
      "barcode": null,
      "unitOfMeasure": "KG",
      "timesSold": 1,
      "totalQuantity": 1,
      "totalRevenue": 0,
      "avgUnitPrice": 0,
      "firstSaleDate": "2025-09-01T20:00:00.000Z",
      "lastSaleDate": "2025-09-01T20:00:00.000Z"
    },
    {
      "name": "Pckg, 5 Comp",
      "category": "Packages",
      "productGroup": "Packages",
      "barcode": "0123460299",
      "unitOfMeasure": "unit",
      "timesSold": 117,
      "totalQuantity": 2676,
      "totalRevenue": 0,
      "avgUnitPrice": 0,
      "firstSaleDate": "2025-08-31T20:00:00.000Z",
      "lastSaleDate": "2026-01-11T20:00:00.000Z"
    },
    {
      "name": "Pckg, Bio Container 3 Comp",
      "category": "Packages",
      "productGroup": "Packages",
      "barcode": null,
      "unitOfMeasure": "unit",
      "timesSold": 2,
      "totalQuantity": 21,
      "totalRevenue": 0,
      "avgUnitPrice": 0,
      "firstSaleDate": "2026-01-11T20:00:00.000Z",
      "lastSaleDate": "2026-01-11T20:00:00.000Z"
    },
    {
      "name": "Pckg, Black Base Rect Cont 2 Comp",
      "category": "Packages",
      "productGroup": "Packages",
      "barcode": "0123460300",
      "unitOfMeasure": "unit",
      "timesSold": 4,
      "totalQuantity": 194,
      "totalRevenue": 0,
      "avgUnitPrice": 0,
      "firstSaleDate": "2025-09-21T20:00:00.000Z",
      "lastSaleDate": "2026-01-09T20:00:00.000Z"
    },
    {
      "name": "Pckg, Black Base Rect Cont 3 Comp",
      "category": "Packages",
      "productGroup": "Packages",
      "barcode": null,
      "unitOfMeasure": "unit",
      "timesSold": 176,
      "totalQuantity": 3436,
      "totalRevenue": 0,
      "avgUnitPrice": 0,
      "firstSaleDate": "2025-08-31T20:00:00.000Z",
      "lastSaleDate": "2026-01-07T20:00:00.000Z"
    },
    {
      "name": "Pckg, Black Hd Fork Individually Wrap",
      "category": "Packages",
      "productGroup": "Packages",
      "barcode": "0123460301",
      "unitOfMeasure": "unit",
      "timesSold": 32,
      "totalQuantity": 924,
      "totalRevenue": 0,
      "avgUnitPrice": 0,
      "firstSaleDate": "2025-08-31T20:00:00.000Z",
      "lastSaleDate": "2026-01-11T20:00:00.000Z"
    },
    {
      "name": "Pckg, Black Hd Spoon Individually Wrap",
      "category": "Packages",
      "productGroup": "Packages",
      "barcode": "0123460302",
      "unitOfMeasure": "unit",
      "timesSold": 45,
      "totalQuantity": 1389,
      "totalRevenue": 0,
      "avgUnitPrice": 0,
      "firstSaleDate": "2025-08-31T20:00:00.000Z",
      "lastSaleDate": "2026-01-11T20:00:00.000Z"
    },
    {
      "name": "Pckg, Brown Paper Bag (15.5X8X33)",
      "category": "Packages",
      "productGroup": "Packages",
      "barcode": null,
      "unitOfMeasure": "KG",
      "timesSold": 1,
      "totalQuantity": 19,
      "totalRevenue": 0,
      "avgUnitPrice": 0,
      "firstSaleDate": "2025-08-31T20:00:00.000Z",
      "lastSaleDate": "2025-08-31T20:00:00.000Z"
    },
    {
      "name": "Pckg, Cellophane Bag Large",
      "category": "Packages",
      "productGroup": "Packages",
      "barcode": null,
      "unitOfMeasure": "unit",
      "timesSold": 3,
      "totalQuantity": 66,
      "totalRevenue": 0,
      "avgUnitPrice": 0,
      "firstSaleDate": "2025-08-31T20:00:00.000Z",
      "lastSaleDate": "2025-09-03T20:00:00.000Z"
    },
    {
      "name": "Pckg, Cellophane Bag Medium",
      "category": "Packages",
      "productGroup": "Packages",
      "barcode": "0123460305",
      "unitOfMeasure": "unit",
      "timesSold": 6,
      "totalQuantity": 247,
      "totalRevenue": 0,
      "avgUnitPrice": 0,
      "firstSaleDate": "2025-09-14T20:00:00.000Z",
      "lastSaleDate": "2026-01-06T20:00:00.000Z"
    },
    {
      "name": "Pckg, Cellophane Bag Small",
      "category": "Packages",
      "productGroup": "Packages",
      "barcode": "0123460306",
      "unitOfMeasure": "unit",
      "timesSold": 16,
      "totalQuantity": 392,
      "totalRevenue": 0,
      "avgUnitPrice": 0,
      "firstSaleDate": "2025-09-01T20:00:00.000Z",
      "lastSaleDate": "2026-01-11T20:00:00.000Z"
    },
    {
      "name": "Pckg, Clear Cup 12 Oz with Insert",
      "category": "Packages",
      "productGroup": "Packages",
      "barcode": "0123460307",
      "unitOfMeasure": "unit",
      "timesSold": 21,
      "totalQuantity": 44,
      "totalRevenue": 0,
      "avgUnitPrice": 0,
      "firstSaleDate": "2025-09-15T20:00:00.000Z",
      "lastSaleDate": "2025-10-21T20:00:00.000Z"
    },
    {
      "name": "Pckg, Clear Cups 12Oz",
      "category": "Packages",
      "productGroup": "Packages",
      "barcode": "0123460308",
      "unitOfMeasure": "unit",
      "timesSold": 49,
      "totalQuantity": 2278,
      "totalRevenue": 0,
      "avgUnitPrice": 0,
      "firstSaleDate": "2025-08-31T20:00:00.000Z",
      "lastSaleDate": "2025-11-03T20:00:00.000Z"
    },
    {
      "name": "Pckg, Clear Cups 8-Oz",
      "category": "Packages",
      "productGroup": "Packages",
      "barcode": "0123460309",
      "unitOfMeasure": "unit",
      "timesSold": 2,
      "totalQuantity": 38,
      "totalRevenue": 0,
      "avgUnitPrice": 0,
      "firstSaleDate": "2025-09-28T20:00:00.000Z",
      "lastSaleDate": "2025-11-26T20:00:00.000Z"
    },
    {
      "name": "Pckg, Clear Juice Glass 10 Oz Pet",
      "category": "Packages",
      "productGroup": "Packages",
      "barcode": "0123460310",
      "unitOfMeasure": "unit",
      "timesSold": 6,
      "totalQuantity": 156,
      "totalRevenue": 0,
      "avgUnitPrice": 0,
      "firstSaleDate": "2025-09-02T20:00:00.000Z",
      "lastSaleDate": "2025-10-14T20:00:00.000Z"
    },
    {
      "name": "Pckg, Cups Lid 12 oz",
      "category": "Packages",
      "productGroup": "Packages",
      "barcode": null,
      "unitOfMeasure": "unit",
      "timesSold": 7,
      "totalQuantity": 247,
      "totalRevenue": 0,
      "avgUnitPrice": 0,
      "firstSaleDate": "2025-09-21T20:00:00.000Z",
      "lastSaleDate": "2025-10-20T20:00:00.000Z"
    },
    {
      "name": "Pckg, Cuttlery Pack 4 in 1",
      "category": "Packages",
      "productGroup": "Packages",
      "barcode": "0123460314",
      "unitOfMeasure": "unit",
      "timesSold": 114,
      "totalQuantity": 3025,
      "totalRevenue": 0,
      "avgUnitPrice": 0,
      "firstSaleDate": "2025-08-31T20:00:00.000Z",
      "lastSaleDate": "2026-01-11T20:00:00.000Z"
    },
    {
      "name": "Pckg, Cuttlery Pack Clear/Black",
      "category": "Packages",
      "productGroup": "Packages",
      "barcode": "0123460315",
      "unitOfMeasure": "unit",
      "timesSold": 283,
      "totalQuantity": 5035,
      "totalRevenue": 0,
      "avgUnitPrice": 0,
      "firstSaleDate": "2025-08-31T20:00:00.000Z",
      "lastSaleDate": "2026-01-11T20:00:00.000Z"
    },
    {
      "name": "Pckg, Foil Paper/Nylon Paper",
      "category": "Packages",
      "productGroup": "Packages",
      "barcode": null,
      "unitOfMeasure": "unit",
      "timesSold": 1,
      "totalQuantity": 1,
      "totalRevenue": 0,
      "avgUnitPrice": 0,
      "firstSaleDate": "2025-09-14T20:00:00.000Z",
      "lastSaleDate": "2025-09-14T20:00:00.000Z"
    },
    {
      "name": "Pckg, Handy Fuel Gel",
      "category": "Packages",
      "productGroup": "Packages",
      "barcode": null,
      "unitOfMeasure": "BOX",
      "timesSold": 40,
      "totalQuantity": 28.052,
      "totalRevenue": 0,
      "avgUnitPrice": 0,
      "firstSaleDate": "2025-09-14T20:00:00.000Z",
      "lastSaleDate": "2025-10-31T20:00:00.000Z"
    },
    {
      "name": "Pckg, Kraft Pe Take Away Box 22Oz KTAB22",
      "category": "Packages",
      "productGroup": "Packages",
      "barcode": "0123460325",
      "unitOfMeasure": "unit",
      "timesSold": 1,
      "totalQuantity": 26,
      "totalRevenue": 0,
      "avgUnitPrice": 0,
      "firstSaleDate": "2025-09-10T20:00:00.000Z",
      "lastSaleDate": "2025-09-10T20:00:00.000Z"
    },
    {
      "name": "Pckg, Mikana Wrapper Kg",
      "category": "Packages",
      "productGroup": "Packages",
      "barcode": "0123460334",
      "unitOfMeasure": "GM",
      "timesSold": 1,
      "totalQuantity": 0.04,
      "totalRevenue": 0,
      "avgUnitPrice": 0,
      "firstSaleDate": "2025-09-11T20:00:00.000Z",
      "lastSaleDate": "2025-09-11T20:00:00.000Z"
    },
    {
      "name": "Pckg, Mikana Wrapper Kg",
      "category": "Packages",
      "productGroup": "Packages",
      "barcode": "0123460334",
      "unitOfMeasure": "KG",
      "timesSold": 9,
      "totalQuantity": 0.28,
      "totalRevenue": 0,
      "avgUnitPrice": 0,
      "firstSaleDate": "2025-09-11T20:00:00.000Z",
      "lastSaleDate": "2025-11-13T20:00:00.000Z"
    },
    {
      "name": "Pckg, Pet Rect Container 12 oz",
      "category": "Packages",
      "productGroup": "Packages",
      "barcode": null,
      "unitOfMeasure": "unit",
      "timesSold": 2,
      "totalQuantity": 4,
      "totalRevenue": 0,
      "avgUnitPrice": 0,
      "firstSaleDate": "2025-09-02T20:00:00.000Z",
      "lastSaleDate": "2025-09-03T20:00:00.000Z"
    },
    {
      "name": "Pckg, Plastic Plate 10 Inch",
      "category": "Packages",
      "productGroup": "Packages",
      "barcode": null,
      "unitOfMeasure": "unit",
      "timesSold": 40,
      "totalQuantity": 2270,
      "totalRevenue": 0,
      "avgUnitPrice": 0,
      "firstSaleDate": "2025-09-14T20:00:00.000Z",
      "lastSaleDate": "2025-10-31T20:00:00.000Z"
    },
    {
      "name": "Pckg, Salad Bowl 12-Oz",
      "category": "Packages",
      "productGroup": "Packages",
      "barcode": "0123460338",
      "unitOfMeasure": "unit",
      "timesSold": 3,
      "totalQuantity": 132,
      "totalRevenue": 0,
      "avgUnitPrice": 0,
      "firstSaleDate": "2025-09-29T20:00:00.000Z",
      "lastSaleDate": "2025-11-02T20:00:00.000Z"
    },
    {
      "name": "Pckg, Salad Bowl 16-Oz",
      "category": "Packages",
      "productGroup": "Packages",
      "barcode": "0123460339",
      "unitOfMeasure": "unit",
      "timesSold": 1,
      "totalQuantity": 47,
      "totalRevenue": 0,
      "avgUnitPrice": 0,
      "firstSaleDate": "2025-09-21T20:00:00.000Z",
      "lastSaleDate": "2025-09-21T20:00:00.000Z"
    },
    {
      "name": "Pckg, Sauce Cup 2 Oz",
      "category": "Packages",
      "productGroup": "Packages",
      "barcode": "0123460340",
      "unitOfMeasure": "unit",
      "timesSold": 14,
      "totalQuantity": 906,
      "totalRevenue": 0,
      "avgUnitPrice": 0,
      "firstSaleDate": "2025-10-15T20:00:00.000Z",
      "lastSaleDate": "2025-11-23T20:00:00.000Z"
    },
    {
      "name": "Pckg, Sauce Cup 4 Oz",
      "category": "Packages",
      "productGroup": "Packages",
      "barcode": "0123460341",
      "unitOfMeasure": "unit",
      "timesSold": 18,
      "totalQuantity": 660,
      "totalRevenue": 0,
      "avgUnitPrice": 0,
      "firstSaleDate": "2025-09-02T20:00:00.000Z",
      "lastSaleDate": "2026-01-11T20:00:00.000Z"
    },
    {
      "name": "Penne Arabiatta 1 KG",
      "category": "Pasta",
      "productGroup": null,
      "barcode": "0123460354",
      "unitOfMeasure": "KG",
      "timesSold": 9,
      "totalQuantity": 20,
      "totalRevenue": 0,
      "avgUnitPrice": 0,
      "firstSaleDate": "2025-08-31T20:00:00.000Z",
      "lastSaleDate": "2025-10-28T20:00:00.000Z"
    },
    {
      "name": "Pineapple",
      "category": "Fruits & Vegetables",
      "productGroup": null,
      "barcode": "0123460370",
      "unitOfMeasure": "KG",
      "timesSold": 7,
      "totalQuantity": 19.45,
      "totalRevenue": 0,
      "avgUnitPrice": 0,
      "firstSaleDate": "2025-09-11T20:00:00.000Z",
      "lastSaleDate": "2026-01-07T20:00:00.000Z"
    },
    {
      "name": "Pitted Black Olives",
      "category": "Condiments",
      "productGroup": null,
      "barcode": null,
      "unitOfMeasure": "KG",
      "timesSold": 8,
      "totalQuantity": 3.9,
      "totalRevenue": 0,
      "avgUnitPrice": 0,
      "firstSaleDate": "2025-08-31T20:00:00.000Z",
      "lastSaleDate": "2025-10-21T20:00:00.000Z"
    },
    {
      "name": "Potato Croquettes Kg",
      "category": "Appetizers",
      "productGroup": "Food Items",
      "barcode": "0123460397",
      "unitOfMeasure": "KG",
      "timesSold": 4,
      "totalQuantity": 9,
      "totalRevenue": 0,
      "avgUnitPrice": 0,
      "firstSaleDate": "2025-09-14T20:00:00.000Z",
      "lastSaleDate": "2025-10-14T20:00:00.000Z"
    },
    {
      "name": "Potato Gratin With Mushroom And Cheese Platter",
      "category": "Hot Meals",
      "productGroup": "Food Items",
      "barcode": "0123460400",
      "unitOfMeasure": "Portion",
      "timesSold": 2,
      "totalQuantity": 2,
      "totalRevenue": 0,
      "avgUnitPrice": 0,
      "firstSaleDate": "2025-09-28T20:00:00.000Z",
      "lastSaleDate": "2025-10-31T20:00:00.000Z"
    },
    {
      "name": "Pumpkin Soup Portion",
      "category": "Soups",
      "productGroup": "Food Items",
      "barcode": "0123460424",
      "unitOfMeasure": "Portion",
      "timesSold": 2,
      "totalQuantity": 2,
      "totalRevenue": 0,
      "avgUnitPrice": 0,
      "firstSaleDate": "2025-10-05T20:00:00.000Z",
      "lastSaleDate": "2025-12-03T20:00:00.000Z"
    },
    {
      "name": "Red Bell Pepper",
      "category": "Fruits & Vegetables",
      "productGroup": null,
      "barcode": "0123460443",
      "unitOfMeasure": "KG",
      "timesSold": 2,
      "totalQuantity": 1.5,
      "totalRevenue": 0,
      "avgUnitPrice": 0,
      "firstSaleDate": "2025-11-07T20:00:00.000Z",
      "lastSaleDate": "2026-01-07T20:00:00.000Z"
    },
    {
      "name": "Red Velvet Supplier",
      "category": "Desserts",
      "productGroup": "Food Items",
      "barcode": null,
      "unitOfMeasure": "unit",
      "timesSold": 11,
      "totalQuantity": 450,
      "totalRevenue": 0,
      "avgUnitPrice": 0,
      "firstSaleDate": "2025-08-31T20:00:00.000Z",
      "lastSaleDate": "2025-12-01T20:00:00.000Z"
    },
    {
      "name": "Rice, Sella 1121",
      "category": "Grains & Spices",
      "productGroup": null,
      "barcode": "0123460469",
      "unitOfMeasure": "KG",
      "timesSold": 1,
      "totalQuantity": 20,
      "totalRevenue": 0,
      "avgUnitPrice": 0,
      "firstSaleDate": "2025-12-01T20:00:00.000Z",
      "lastSaleDate": "2025-12-01T20:00:00.000Z"
    },
    {
      "name": "Roast Beef With Vegetables & Mashed Potatoes Platter",
      "category": "OBB",
      "productGroup": null,
      "barcode": "0123460475",
      "unitOfMeasure": "Portion",
      "timesSold": 6,
      "totalQuantity": 10,
      "totalRevenue": 0,
      "avgUnitPrice": 0,
      "firstSaleDate": "2025-09-28T20:00:00.000Z",
      "lastSaleDate": "2025-10-31T20:00:00.000Z"
    },
    {
      "name": "SE Butter Unit",
      "category": "Oil & Butter",
      "productGroup": null,
      "barcode": null,
      "unitOfMeasure": "unit",
      "timesSold": 3,
      "totalQuantity": 75,
      "totalRevenue": 0,
      "avgUnitPrice": 0,
      "firstSaleDate": "2025-09-30T20:00:00.000Z",
      "lastSaleDate": "2025-10-08T20:00:00.000Z"
    },
    {
      "name": "SE Canape Blini Smoked Salmon , Cream cheese",
      "category": "Appetizers",
      "productGroup": "Food Items",
      "barcode": "0123460676",
      "unitOfMeasure": "unit",
      "timesSold": 1,
      "totalQuantity": 20,
      "totalRevenue": 0,
      "avgUnitPrice": 0,
      "firstSaleDate": "2025-12-01T20:00:00.000Z",
      "lastSaleDate": "2025-12-01T20:00:00.000Z"
    },
    {
      "name": "SE Canape Brie cheese w Cranberry",
      "category": "Appetizers",
      "productGroup": "Food Items",
      "barcode": "0123460679",
      "unitOfMeasure": "unit",
      "timesSold": 1,
      "totalQuantity": 20,
      "totalRevenue": 0,
      "avgUnitPrice": 0,
      "firstSaleDate": "2025-12-01T20:00:00.000Z",
      "lastSaleDate": "2025-12-01T20:00:00.000Z"
    },
    {
      "name": "SE Canape Mousse Roquefort",
      "category": "Appetizers",
      "productGroup": "Food Items",
      "barcode": "0123460683",
      "unitOfMeasure": "unit",
      "timesSold": 1,
      "totalQuantity": 70,
      "totalRevenue": 0,
      "avgUnitPrice": 0,
      "firstSaleDate": "2025-10-26T20:00:00.000Z",
      "lastSaleDate": "2025-10-26T20:00:00.000Z"
    },
    {
      "name": "SE Canape Turkey with Cream cheese & Pesto sauce",
      "category": "Appetizers",
      "productGroup": "Food Items",
      "barcode": "0123460690",
      "unitOfMeasure": "unit",
      "timesSold": 2,
      "totalQuantity": 90,
      "totalRevenue": 0,
      "avgUnitPrice": 0,
      "firstSaleDate": "2025-10-26T20:00:00.000Z",
      "lastSaleDate": "2025-12-01T20:00:00.000Z"
    },
    {
      "name": "SE Croissant 35 Gr",
      "category": "Breakfast",
      "productGroup": "Food Items",
      "barcode": "0123457127",
      "unitOfMeasure": "unit",
      "timesSold": 24,
      "totalQuantity": 720,
      "totalRevenue": 0,
      "avgUnitPrice": 0,
      "firstSaleDate": "2025-08-31T20:00:00.000Z",
      "lastSaleDate": "2025-10-31T20:00:00.000Z"
    },
    {
      "name": "SE Mini Brownies",
      "category": "Desserts",
      "productGroup": "Food Items",
      "barcode": null,
      "unitOfMeasure": "unit",
      "timesSold": 1,
      "totalQuantity": 100,
      "totalRevenue": 0,
      "avgUnitPrice": 0,
      "firstSaleDate": "2025-12-01T20:00:00.000Z",
      "lastSaleDate": "2025-12-01T20:00:00.000Z"
    },
    {
      "name": "SE Mini Brownies with Caramel Sauce",
      "category": "Desserts",
      "productGroup": "Food Items",
      "barcode": null,
      "unitOfMeasure": "unit",
      "timesSold": 1,
      "totalQuantity": 10,
      "totalRevenue": 0,
      "avgUnitPrice": 0,
      "firstSaleDate": "2025-10-30T20:00:00.000Z",
      "lastSaleDate": "2025-10-30T20:00:00.000Z"
    },
    {
      "name": "SE Mini Egg Wrap",
      "category": "Appetizers",
      "productGroup": "Food Items",
      "barcode": null,
      "unitOfMeasure": "unit",
      "timesSold": 2,
      "totalQuantity": 70,
      "totalRevenue": 0,
      "avgUnitPrice": 0,
      "firstSaleDate": "2025-10-05T20:00:00.000Z",
      "lastSaleDate": "2025-10-19T20:00:00.000Z"
    },
    {
      "name": "SE Mini Pineapple Tart",
      "category": "Desserts",
      "productGroup": "Food Items",
      "barcode": "0123460702",
      "unitOfMeasure": "unit",
      "timesSold": 1,
      "totalQuantity": 20,
      "totalRevenue": 0,
      "avgUnitPrice": 0,
      "firstSaleDate": "2025-10-26T20:00:00.000Z",
      "lastSaleDate": "2025-10-26T20:00:00.000Z"
    },
    {
      "name": "SE Mini Strawberry Tart",
      "category": "Desserts",
      "productGroup": "Food Items",
      "barcode": "0123460707",
      "unitOfMeasure": "unit",
      "timesSold": 1,
      "totalQuantity": 20,
      "totalRevenue": 0,
      "avgUnitPrice": 0,
      "firstSaleDate": "2025-10-26T20:00:00.000Z",
      "lastSaleDate": "2025-10-26T20:00:00.000Z"
    },
    {
      "name": "SE Mini Tart Choco",
      "category": "Desserts",
      "productGroup": "Food Items",
      "barcode": "0123459818",
      "unitOfMeasure": "unit",
      "timesSold": 1,
      "totalQuantity": 20,
      "totalRevenue": 0,
      "avgUnitPrice": 0,
      "firstSaleDate": "2025-10-26T20:00:00.000Z",
      "lastSaleDate": "2025-10-26T20:00:00.000Z"
    },
    {
      "name": "SE Quiche Asparagus",
      "category": "Appetizers",
      "productGroup": "Food Items",
      "barcode": "0123460711",
      "unitOfMeasure": "unit",
      "timesSold": 2,
      "totalQuantity": 60,
      "totalRevenue": 0,
      "avgUnitPrice": 0,
      "firstSaleDate": "2025-08-31T20:00:00.000Z",
      "lastSaleDate": "2025-09-05T20:00:00.000Z"
    },
    {
      "name": "SE Verrine Beetroot Feta salad",
      "category": "Salads",
      "productGroup": "Food Items",
      "barcode": "0123460730",
      "unitOfMeasure": "unit",
      "timesSold": 1,
      "totalQuantity": 45,
      "totalRevenue": 0,
      "avgUnitPrice": 0,
      "firstSaleDate": "2025-10-26T20:00:00.000Z",
      "lastSaleDate": "2025-10-26T20:00:00.000Z"
    },
    {
      "name": "SE Verrine Crispy Chicken Shots",
      "category": "Appetizers",
      "productGroup": "Food Items",
      "barcode": null,
      "unitOfMeasure": "Portion",
      "timesSold": 1,
      "totalQuantity": 80,
      "totalRevenue": 0,
      "avgUnitPrice": 0,
      "firstSaleDate": "2025-10-26T20:00:00.000Z",
      "lastSaleDate": "2025-10-26T20:00:00.000Z"
    },
    {
      "name": "SE Verrine Lotus Cheesecake with Caramel",
      "category": "Desserts",
      "productGroup": "Food Items",
      "barcode": null,
      "unitOfMeasure": "unit",
      "timesSold": 1,
      "totalQuantity": 50,
      "totalRevenue": 0,
      "avgUnitPrice": 0,
      "firstSaleDate": "2025-10-26T20:00:00.000Z",
      "lastSaleDate": "2025-10-26T20:00:00.000Z"
    },
    {
      "name": "SE Verrine Quinoa Veggie",
      "category": "Special Events",
      "productGroup": "Food Items",
      "barcode": "0123460742",
      "unitOfMeasure": "unit",
      "timesSold": 1,
      "totalQuantity": 45,
      "totalRevenue": 0,
      "avgUnitPrice": 0,
      "firstSaleDate": "2025-10-26T20:00:00.000Z",
      "lastSaleDate": "2025-10-26T20:00:00.000Z"
    },
    {
      "name": "SE Verrine Tiramisu",
      "category": "Desserts",
      "productGroup": "Food Items",
      "barcode": "0123460743",
      "unitOfMeasure": "unit",
      "timesSold": 1,
      "totalQuantity": 50,
      "totalRevenue": 0,
      "avgUnitPrice": 0,
      "firstSaleDate": "2025-10-26T20:00:00.000Z",
      "lastSaleDate": "2025-10-26T20:00:00.000Z"
    },
    {
      "name": "SE Vol au Vent Creamy Mushroom Chicken",
      "category": "Appetizers",
      "productGroup": "Food Items",
      "barcode": "0123460745",
      "unitOfMeasure": "unit",
      "timesSold": 1,
      "totalQuantity": 70,
      "totalRevenue": 0,
      "avgUnitPrice": 0,
      "firstSaleDate": "2025-10-26T20:00:00.000Z",
      "lastSaleDate": "2025-10-26T20:00:00.000Z"
    },
    {
      "name": "SW Brk, Pancake, Oatmeal, Small, Berry Sauce",
      "category": "Breakfast",
      "productGroup": "Food Items",
      "barcode": "0123461010",
      "unitOfMeasure": "unit",
      "timesSold": 19,
      "totalQuantity": 251,
      "totalRevenue": 0,
      "avgUnitPrice": 0,
      "firstSaleDate": "2025-08-31T20:00:00.000Z",
      "lastSaleDate": "2025-12-03T20:00:00.000Z"
    },
    {
      "name": "SW Carrot Cake",
      "category": "Desserts",
      "productGroup": "Food Items",
      "barcode": "0123461014",
      "unitOfMeasure": "unit",
      "timesSold": 10,
      "totalQuantity": 19,
      "totalRevenue": 0,
      "avgUnitPrice": 0,
      "firstSaleDate": "2025-10-05T20:00:00.000Z",
      "lastSaleDate": "2025-12-05T20:00:00.000Z"
    },
    {
      "name": "SW Cheesecake Shot",
      "category": "Desserts",
      "productGroup": "Food Items",
      "barcode": "0123461016",
      "unitOfMeasure": "unit",
      "timesSold": 28,
      "totalQuantity": 45,
      "totalRevenue": 0,
      "avgUnitPrice": 0,
      "firstSaleDate": "2025-09-28T20:00:00.000Z",
      "lastSaleDate": "2025-12-05T20:00:00.000Z"
    },
    {
      "name": "SW English Cake Choco",
      "category": "Desserts",
      "productGroup": "Food Items",
      "barcode": "0123461033",
      "unitOfMeasure": "unit",
      "timesSold": 1,
      "totalQuantity": 8,
      "totalRevenue": 0,
      "avgUnitPrice": 0,
      "firstSaleDate": "2025-11-24T20:00:00.000Z",
      "lastSaleDate": "2025-11-24T20:00:00.000Z"
    },
    {
      "name": "SW Sable Chocolate",
      "category": "Desserts",
      "productGroup": "Food Items",
      "barcode": "0123461046",
      "unitOfMeasure": "unit",
      "timesSold": 8,
      "totalQuantity": 17,
      "totalRevenue": 0,
      "avgUnitPrice": 0,
      "firstSaleDate": "2025-09-28T20:00:00.000Z",
      "lastSaleDate": "2025-12-05T20:00:00.000Z"
    },
    {
      "name": "SW Sfouf",
      "category": "Desserts",
      "productGroup": "Food Items",
      "barcode": "0123461047",
      "unitOfMeasure": "unit",
      "timesSold": 2,
      "totalQuantity": 80,
      "totalRevenue": 0,
      "avgUnitPrice": 0,
      "firstSaleDate": "2025-08-31T20:00:00.000Z",
      "lastSaleDate": "2025-09-14T20:00:00.000Z"
    },
    {
      "name": "SW Sub English Cake Banana",
      "category": "Subscriptions",
      "productGroup": null,
      "barcode": "0123461052",
      "unitOfMeasure": "unit",
      "timesSold": 19,
      "totalQuantity": 531,
      "totalRevenue": 0,
      "avgUnitPrice": 0,
      "firstSaleDate": "2025-09-09T20:00:00.000Z",
      "lastSaleDate": "2025-12-03T20:00:00.000Z"
    },
    {
      "name": "SW Sub English Cake White",
      "category": "Subscriptions",
      "productGroup": null,
      "barcode": "0123461053",
      "unitOfMeasure": "unit",
      "timesSold": 16,
      "totalQuantity": 436,
      "totalRevenue": 0,
      "avgUnitPrice": 0,
      "firstSaleDate": "2025-09-10T20:00:00.000Z",
      "lastSaleDate": "2026-01-07T20:00:00.000Z"
    },
    {
      "name": "SW Sub Mini Cookies White",
      "category": "Subscriptions",
      "productGroup": null,
      "barcode": "0123461055",
      "unitOfMeasure": "unit",
      "timesSold": 18,
      "totalQuantity": 933,
      "totalRevenue": 0,
      "avgUnitPrice": 0,
      "firstSaleDate": "2025-09-02T20:00:00.000Z",
      "lastSaleDate": "2025-12-01T20:00:00.000Z"
    },
    {
      "name": "SW Sub Mini Sable White",
      "category": "Subscriptions",
      "productGroup": null,
      "barcode": "0123461056",
      "unitOfMeasure": "unit",
      "timesSold": 3,
      "totalQuantity": 52,
      "totalRevenue": 0,
      "avgUnitPrice": 0,
      "firstSaleDate": "2025-08-31T20:00:00.000Z",
      "lastSaleDate": "2025-10-05T20:00:00.000Z"
    },
    {
      "name": "SW Sub Oatmeal Cookies",
      "category": "Subscriptions",
      "productGroup": null,
      "barcode": "0123461057",
      "unitOfMeasure": "unit",
      "timesSold": 18,
      "totalQuantity": 329,
      "totalRevenue": 0,
      "avgUnitPrice": 0,
      "firstSaleDate": "2025-09-02T20:00:00.000Z",
      "lastSaleDate": "2025-12-03T20:00:00.000Z"
    },
    {
      "name": "Sal Chicken 400G",
      "category": "Salads",
      "productGroup": "Food Items",
      "barcode": "0123460508",
      "unitOfMeasure": "Portion",
      "timesSold": 2,
      "totalQuantity": 2,
      "totalRevenue": 0,
      "avgUnitPrice": 0,
      "firstSaleDate": "2025-12-03T20:00:00.000Z",
      "lastSaleDate": "2025-12-04T20:00:00.000Z"
    },
    {
      "name": "Sal Chicken Quinoa",
      "category": "Salads",
      "productGroup": "Food Items",
      "barcode": "0123460513",
      "unitOfMeasure": "Portion",
      "timesSold": 3,
      "totalQuantity": 4,
      "totalRevenue": 0,
      "avgUnitPrice": 0,
      "firstSaleDate": "2025-09-30T20:00:00.000Z",
      "lastSaleDate": "2025-12-03T20:00:00.000Z"
    },
    {
      "name": "Sal Greek 400G",
      "category": "Salads",
      "productGroup": "Food Items",
      "barcode": "0123460519",
      "unitOfMeasure": "Portion",
      "timesSold": 2,
      "totalQuantity": 2,
      "totalRevenue": 0,
      "avgUnitPrice": 0,
      "firstSaleDate": "2025-09-28T20:00:00.000Z",
      "lastSaleDate": "2025-12-05T20:00:00.000Z"
    },
    {
      "name": "Sal Green Salad",
      "category": "Salads",
      "productGroup": "Food Items",
      "barcode": "0123460520",
      "unitOfMeasure": "Portion",
      "timesSold": 11,
      "totalQuantity": 47,
      "totalRevenue": 0,
      "avgUnitPrice": 0,
      "firstSaleDate": "2025-09-28T20:00:00.000Z",
      "lastSaleDate": "2025-12-05T20:00:00.000Z"
    },
    {
      "name": "Sal Quinoa 1 KG",
      "category": "Salads",
      "productGroup": "Food Items",
      "barcode": "0123460530",
      "unitOfMeasure": "KG",
      "timesSold": 1,
      "totalQuantity": 2,
      "totalRevenue": 0,
      "avgUnitPrice": 0,
      "firstSaleDate": "2025-10-31T20:00:00.000Z",
      "lastSaleDate": "2025-10-31T20:00:00.000Z"
    },
    {
      "name": "Salad Beetroot & Kale",
      "category": "Salads",
      "productGroup": "Food Items",
      "barcode": "0123460542",
      "unitOfMeasure": "KG",
      "timesSold": 2,
      "totalQuantity": 4,
      "totalRevenue": 0,
      "avgUnitPrice": 0,
      "firstSaleDate": "2025-08-31T20:00:00.000Z",
      "lastSaleDate": "2025-09-14T20:00:00.000Z"
    },
    {
      "name": "Salad Hummus",
      "category": "Salads",
      "productGroup": "Food Items",
      "barcode": null,
      "unitOfMeasure": "unit",
      "timesSold": 1,
      "totalQuantity": 1,
      "totalRevenue": 0,
      "avgUnitPrice": 0,
      "firstSaleDate": "2025-09-15T20:00:00.000Z",
      "lastSaleDate": "2025-09-15T20:00:00.000Z"
    },
    {
      "name": "Salad Pasta Pesto 1 KG",
      "category": "Salads",
      "productGroup": "Food Items",
      "barcode": "0123460552",
      "unitOfMeasure": "KG",
      "timesSold": 5,
      "totalQuantity": 10,
      "totalRevenue": 0,
      "avgUnitPrice": 0,
      "firstSaleDate": "2025-08-31T20:00:00.000Z",
      "lastSaleDate": "2025-10-19T20:00:00.000Z"
    },
    {
      "name": "Salad Pasta SR",
      "category": "Salads",
      "productGroup": "Food Items",
      "barcode": "0123460553",
      "unitOfMeasure": "KG",
      "timesSold": 7,
      "totalQuantity": 14,
      "totalRevenue": 0,
      "avgUnitPrice": 0,
      "firstSaleDate": "2025-08-31T20:00:00.000Z",
      "lastSaleDate": "2025-10-21T20:00:00.000Z"
    },
    {
      "name": "Samosa Chicken",
      "category": "Appetizers",
      "productGroup": "Food Items",
      "barcode": "0123460566",
      "unitOfMeasure": "unit",
      "timesSold": 1,
      "totalQuantity": 30,
      "totalRevenue": 0,
      "avgUnitPrice": 0,
      "firstSaleDate": "2025-08-31T20:00:00.000Z",
      "lastSaleDate": "2025-08-31T20:00:00.000Z"
    },
    {
      "name": "Samosa Vegetables",
      "category": "Appetizers",
      "productGroup": "Food Items",
      "barcode": "0123460567",
      "unitOfMeasure": "unit",
      "timesSold": 3,
      "totalQuantity": 360,
      "totalRevenue": 0,
      "avgUnitPrice": 0,
      "firstSaleDate": "2025-10-05T20:00:00.000Z",
      "lastSaleDate": "2025-12-01T20:00:00.000Z"
    },
    {
      "name": "Sandwich Turkey & Cheese",
      "category": "Sandwiches",
      "productGroup": "Food Items",
      "barcode": "0123461130",
      "unitOfMeasure": "unit",
      "timesSold": 2,
      "totalQuantity": 27,
      "totalRevenue": 0,
      "avgUnitPrice": 0,
      "firstSaleDate": "2025-10-14T20:00:00.000Z",
      "lastSaleDate": "2025-10-30T20:00:00.000Z"
    },
    {
      "name": "Scrambled Eggs",
      "category": "Breakfast",
      "productGroup": "Food Items",
      "barcode": "0123460670",
      "unitOfMeasure": "Portion",
      "timesSold": 2,
      "totalQuantity": 31,
      "totalRevenue": 0,
      "avgUnitPrice": 0,
      "firstSaleDate": "2025-09-09T20:00:00.000Z",
      "lastSaleDate": "2025-09-14T20:00:00.000Z"
    },
    {
      "name": "Scrambled Eggs with Vegetables 1 Kg",
      "category": "Basic Sub- Recipe",
      "productGroup": "Food Items",
      "barcode": null,
      "unitOfMeasure": "KG",
      "timesSold": 9,
      "totalQuantity": 19,
      "totalRevenue": 0,
      "avgUnitPrice": 0,
      "firstSaleDate": "2025-08-31T20:00:00.000Z",
      "lastSaleDate": "2025-10-28T20:00:00.000Z"
    },
    {
      "name": "Shakshuka (poached eggs in spicy tomato sauce) Kg",
      "category": "Breakfast",
      "productGroup": "Food Items",
      "barcode": null,
      "unitOfMeasure": "KG",
      "timesSold": 10,
      "totalQuantity": 21,
      "totalRevenue": 0,
      "avgUnitPrice": 0,
      "firstSaleDate": "2025-08-31T20:00:00.000Z",
      "lastSaleDate": "2025-10-28T20:00:00.000Z"
    },
    {
      "name": "Side Potato Coriander",
      "category": "Appetizers",
      "productGroup": "Food Items",
      "barcode": "0123459551",
      "unitOfMeasure": "Portion",
      "timesSold": 7,
      "totalQuantity": 9,
      "totalRevenue": 0,
      "avgUnitPrice": 0,
      "firstSaleDate": "2025-09-28T20:00:00.000Z",
      "lastSaleDate": "2025-12-05T20:00:00.000Z"
    },
    {
      "name": "Spaghetti Bolognese 1 KG",
      "category": "Pasta",
      "productGroup": null,
      "barcode": "0123460833",
      "unitOfMeasure": "KG",
      "timesSold": 1,
      "totalQuantity": 2,
      "totalRevenue": 0,
      "avgUnitPrice": 0,
      "firstSaleDate": "2025-10-21T20:00:00.000Z",
      "lastSaleDate": "2025-10-21T20:00:00.000Z"
    },
    {
      "name": "Spanish Omelette",
      "category": "Breakfast",
      "productGroup": "Food Items",
      "barcode": "0123460834",
      "unitOfMeasure": "unit",
      "timesSold": 9,
      "totalQuantity": 89,
      "totalRevenue": 0,
      "avgUnitPrice": 0,
      "firstSaleDate": "2025-08-31T20:00:00.000Z",
      "lastSaleDate": "2025-10-31T20:00:00.000Z"
    },
    {
      "name": "Spring Roll Vegetables",
      "category": "Appetizers",
      "productGroup": "Food Items",
      "barcode": "0123460847",
      "unitOfMeasure": "unit",
      "timesSold": 5,
      "totalQuantity": 150,
      "totalRevenue": 0,
      "avgUnitPrice": 0,
      "firstSaleDate": "2025-08-31T20:00:00.000Z",
      "lastSaleDate": "2025-10-31T20:00:00.000Z"
    },
    {
      "name": "Sprite 300 ml",
      "category": "Beverages",
      "productGroup": null,
      "barcode": null,
      "unitOfMeasure": "unit",
      "timesSold": 1,
      "totalQuantity": 0,
      "totalRevenue": 0,
      "avgUnitPrice": 0,
      "firstSaleDate": "2025-10-05T20:00:00.000Z",
      "lastSaleDate": "2025-10-05T20:00:00.000Z"
    },
    {
      "name": "Sprite Diet",
      "category": "Beverages",
      "productGroup": null,
      "barcode": null,
      "unitOfMeasure": "unit",
      "timesSold": 1,
      "totalQuantity": 2,
      "totalRevenue": 0,
      "avgUnitPrice": 0,
      "firstSaleDate": "2025-09-11T20:00:00.000Z",
      "lastSaleDate": "2025-09-11T20:00:00.000Z"
    },
    {
      "name": "Steamed Vegetables 1 KG",
      "category": "Basic Sub- Recipe",
      "productGroup": "Food Items",
      "barcode": "0123460855",
      "unitOfMeasure": "KG",
      "timesSold": 12,
      "totalQuantity": 16.5,
      "totalRevenue": 0,
      "avgUnitPrice": 0,
      "firstSaleDate": "2025-08-31T20:00:00.000Z",
      "lastSaleDate": "2025-12-05T20:00:00.000Z"
    },
    {
      "name": "Steamed White Rice 1 KG",
      "category": "Hot Meals",
      "productGroup": "Food Items",
      "barcode": "0123460856",
      "unitOfMeasure": "KG",
      "timesSold": 1,
      "totalQuantity": 15,
      "totalRevenue": 0,
      "avgUnitPrice": 0,
      "firstSaleDate": "2025-10-12T20:00:00.000Z",
      "lastSaleDate": "2025-10-12T20:00:00.000Z"
    },
    {
      "name": "Strawberry",
      "category": "Fruits & Vegetables",
      "productGroup": null,
      "barcode": "0123460862",
      "unitOfMeasure": "KG",
      "timesSold": 4,
      "totalQuantity": 6.3,
      "totalRevenue": 0,
      "avgUnitPrice": 0,
      "firstSaleDate": "2025-10-29T20:00:00.000Z",
      "lastSaleDate": "2026-01-07T20:00:00.000Z"
    },
    {
      "name": "Sub Apple Red",
      "category": "Subscriptions",
      "productGroup": null,
      "barcode": "0123460883",
      "unitOfMeasure": "unit",
      "timesSold": 233,
      "totalQuantity": 6057,
      "totalRevenue": 0,
      "avgUnitPrice": 0,
      "firstSaleDate": "2025-08-31T20:00:00.000Z",
      "lastSaleDate": "2026-01-11T20:00:00.000Z"
    },
    {
      "name": "Sub Baked Rigatoni with cheese",
      "category": "Subscriptions",
      "productGroup": null,
      "barcode": null,
      "unitOfMeasure": "Portion",
      "timesSold": 31,
      "totalQuantity": 989,
      "totalRevenue": 0,
      "avgUnitPrice": 0,
      "firstSaleDate": "2025-08-31T20:00:00.000Z",
      "lastSaleDate": "2025-11-03T20:00:00.000Z"
    },
    {
      "name": "Sub Banana",
      "category": "Subscriptions",
      "productGroup": null,
      "barcode": "0123460884",
      "unitOfMeasure": "unit",
      "timesSold": 129,
      "totalQuantity": 3043,
      "totalRevenue": 0,
      "avgUnitPrice": 0,
      "firstSaleDate": "2025-08-31T20:00:00.000Z",
      "lastSaleDate": "2026-01-11T20:00:00.000Z"
    },
    {
      "name": "Sub Beef Kabab in Tomato Sauce",
      "category": "Subscriptions",
      "productGroup": null,
      "barcode": null,
      "unitOfMeasure": "Portion",
      "timesSold": 4,
      "totalQuantity": 158,
      "totalRevenue": 0,
      "avgUnitPrice": 0,
      "firstSaleDate": "2025-09-22T20:00:00.000Z",
      "lastSaleDate": "2025-11-17T20:00:00.000Z"
    },
    {
      "name": "Sub Beef Kafta Stew w Rice",
      "category": "Subscriptions",
      "productGroup": null,
      "barcode": "0123460887",
      "unitOfMeasure": "Portion",
      "timesSold": 32,
      "totalQuantity": 1015,
      "totalRevenue": 0,
      "avgUnitPrice": 0,
      "firstSaleDate": "2025-09-15T20:00:00.000Z",
      "lastSaleDate": "2025-11-12T20:00:00.000Z"
    },
    {
      "name": "Sub Beef Kafta With tomato Sauce",
      "category": "Subscriptions",
      "productGroup": null,
      "barcode": null,
      "unitOfMeasure": "Portion",
      "timesSold": 38,
      "totalQuantity": 1126,
      "totalRevenue": 0,
      "avgUnitPrice": 0,
      "firstSaleDate": "2025-09-01T20:00:00.000Z",
      "lastSaleDate": "2025-12-03T20:00:00.000Z"
    },
    {
      "name": "Sub Beef Stroganoff with Fettuccine",
      "category": "Subscriptions",
      "productGroup": null,
      "barcode": "0123460890",
      "unitOfMeasure": "Portion",
      "timesSold": 36,
      "totalQuantity": 1080,
      "totalRevenue": 0,
      "avgUnitPrice": 0,
      "firstSaleDate": "2025-09-01T20:00:00.000Z",
      "lastSaleDate": "2025-11-24T20:00:00.000Z"
    },
    {
      "name": "Sub Beef burger Served with Potato Wedges",
      "category": "Subscriptions",
      "productGroup": null,
      "barcode": "0123460885",
      "unitOfMeasure": "Portion",
      "timesSold": 35,
      "totalQuantity": 1055,
      "totalRevenue": 0,
      "avgUnitPrice": 0,
      "firstSaleDate": "2025-09-07T20:00:00.000Z",
      "lastSaleDate": "2025-12-02T20:00:00.000Z"
    },
    {
      "name": "Sub Brk Cheese Calzone with Side Veggies",
      "category": "Subscriptions",
      "productGroup": null,
      "barcode": null,
      "unitOfMeasure": "Portion",
      "timesSold": 18,
      "totalQuantity": 366,
      "totalRevenue": 0,
      "avgUnitPrice": 0,
      "firstSaleDate": "2025-09-02T20:00:00.000Z",
      "lastSaleDate": "2026-01-11T20:00:00.000Z"
    },
    {
      "name": "Sub Brk Ciabatta Garlic Bread",
      "category": "Subscriptions",
      "productGroup": null,
      "barcode": "0123460892",
      "unitOfMeasure": "unit",
      "timesSold": 9,
      "totalQuantity": 151,
      "totalRevenue": 0,
      "avgUnitPrice": 0,
      "firstSaleDate": "2025-09-11T20:00:00.000Z",
      "lastSaleDate": "2025-12-02T20:00:00.000Z"
    },
    {
      "name": "Sub Brk Ciabatta Pizza Bread",
      "category": "Subscriptions",
      "productGroup": null,
      "barcode": "0123460893",
      "unitOfMeasure": "Portion",
      "timesSold": 7,
      "totalQuantity": 101,
      "totalRevenue": 0,
      "avgUnitPrice": 0,
      "firstSaleDate": "2025-09-03T20:00:00.000Z",
      "lastSaleDate": "2026-01-08T20:00:00.000Z"
    },
    {
      "name": "Sub Brk Croissant Cheese",
      "category": "Subscriptions",
      "productGroup": null,
      "barcode": null,
      "unitOfMeasure": "unit",
      "timesSold": 21,
      "totalQuantity": 374,
      "totalRevenue": 0,
      "avgUnitPrice": 0,
      "firstSaleDate": "2025-10-29T20:00:00.000Z",
      "lastSaleDate": "2026-01-06T20:00:00.000Z"
    },
    {
      "name": "Sub Brk Croissant Cheese 60 Gm",
      "category": "Subscriptions",
      "productGroup": null,
      "barcode": null,
      "unitOfMeasure": "unit",
      "timesSold": 23,
      "totalQuantity": 300,
      "totalRevenue": 0,
      "avgUnitPrice": 0,
      "firstSaleDate": "2025-09-03T20:00:00.000Z",
      "lastSaleDate": "2025-10-20T20:00:00.000Z"
    },
    {
      "name": "Sub Brk Croissant Zaatar",
      "category": "Subscriptions",
      "productGroup": null,
      "barcode": "0123460929",
      "unitOfMeasure": "unit",
      "timesSold": 6,
      "totalQuantity": 95,
      "totalRevenue": 0,
      "avgUnitPrice": 0,
      "firstSaleDate": "2026-01-08T20:00:00.000Z",
      "lastSaleDate": "2026-01-11T20:00:00.000Z"
    },
    {
      "name": "Sub Brk Egg Bun",
      "category": "Subscriptions",
      "productGroup": null,
      "barcode": "0123460894",
      "unitOfMeasure": "unit",
      "timesSold": 19,
      "totalQuantity": 438,
      "totalRevenue": 0,
      "avgUnitPrice": 0,
      "firstSaleDate": "2025-09-25T20:00:00.000Z",
      "lastSaleDate": "2025-11-20T20:00:00.000Z"
    },
    {
      "name": "Sub Brk Egg Omelette Sandwich",
      "category": "Subscriptions",
      "productGroup": null,
      "barcode": null,
      "unitOfMeasure": "Portion",
      "timesSold": 15,
      "totalQuantity": 296,
      "totalRevenue": 0,
      "avgUnitPrice": 0,
      "firstSaleDate": "2025-09-11T20:00:00.000Z",
      "lastSaleDate": "2025-12-04T20:00:00.000Z"
    },
    {
      "name": "Sub Brk Egg Wrap",
      "category": "Subscriptions",
      "productGroup": null,
      "barcode": "0123460895",
      "unitOfMeasure": "unit",
      "timesSold": 53,
      "totalQuantity": 925,
      "totalRevenue": 0,
      "avgUnitPrice": 0,
      "firstSaleDate": "2025-09-09T20:00:00.000Z",
      "lastSaleDate": "2026-01-05T20:00:00.000Z"
    },
    {
      "name": "Sub Brk Fatayer Spinach",
      "category": "Subscriptions",
      "productGroup": null,
      "barcode": "0123460896",
      "unitOfMeasure": "unit",
      "timesSold": 2,
      "totalQuantity": 22,
      "totalRevenue": 0,
      "avgUnitPrice": 0,
      "firstSaleDate": "2025-09-08T20:00:00.000Z",
      "lastSaleDate": "2025-09-09T20:00:00.000Z"
    },
    {
      "name": "Sub Brk French Toast with Maple Syrup",
      "category": "Subscriptions",
      "productGroup": null,
      "barcode": null,
      "unitOfMeasure": "Portion",
      "timesSold": 28,
      "totalQuantity": 488,
      "totalRevenue": 0,
      "avgUnitPrice": 0,
      "firstSaleDate": "2025-09-16T20:00:00.000Z",
      "lastSaleDate": "2025-11-12T20:00:00.000Z"
    },
    {
      "name": "Sub Brk Manakish Cheese",
      "category": "Subscriptions",
      "productGroup": null,
      "barcode": "0123460898",
      "unitOfMeasure": "unit",
      "timesSold": 126,
      "totalQuantity": 1907,
      "totalRevenue": 0,
      "avgUnitPrice": 0,
      "firstSaleDate": "2025-08-31T20:00:00.000Z",
      "lastSaleDate": "2026-01-08T20:00:00.000Z"
    },
    {
      "name": "Sub Brk Manakish Zaatar",
      "category": "Subscriptions",
      "productGroup": null,
      "barcode": "0123460899",
      "unitOfMeasure": "unit",
      "timesSold": 3,
      "totalQuantity": 44,
      "totalRevenue": 0,
      "avgUnitPrice": 0,
      "firstSaleDate": "2025-10-09T20:00:00.000Z",
      "lastSaleDate": "2026-01-11T20:00:00.000Z"
    },
    {
      "name": "Sub Brk Melted Cheese Toast with Veggies",
      "category": "Subscriptions",
      "productGroup": null,
      "barcode": null,
      "unitOfMeasure": "Portion",
      "timesSold": 36,
      "totalQuantity": 46525,
      "totalRevenue": 0,
      "avgUnitPrice": 0,
      "firstSaleDate": "2025-09-07T20:00:00.000Z",
      "lastSaleDate": "2026-01-11T20:00:00.000Z"
    },
    {
      "name": "Sub Brk Mini Bite Cheese",
      "category": "Subscriptions",
      "productGroup": null,
      "barcode": "0123460900",
      "unitOfMeasure": "unit",
      "timesSold": 47,
      "totalQuantity": 936,
      "totalRevenue": 0,
      "avgUnitPrice": 0,
      "firstSaleDate": "2025-08-31T20:00:00.000Z",
      "lastSaleDate": "2026-01-08T20:00:00.000Z"
    },
    {
      "name": "Sub Brk Mini Bite Labne With Zaatar",
      "category": "Subscriptions",
      "productGroup": null,
      "barcode": "0123460901",
      "unitOfMeasure": "unit",
      "timesSold": 1,
      "totalQuantity": 13,
      "totalRevenue": 0,
      "avgUnitPrice": 0,
      "firstSaleDate": "2025-10-14T20:00:00.000Z",
      "lastSaleDate": "2025-10-14T20:00:00.000Z"
    },
    {
      "name": "Sub Brk Mini Bun Labne",
      "category": "Subscriptions",
      "productGroup": null,
      "barcode": "0123460902",
      "unitOfMeasure": "unit",
      "timesSold": 13,
      "totalQuantity": 235,
      "totalRevenue": 0,
      "avgUnitPrice": 0,
      "firstSaleDate": "2025-08-31T20:00:00.000Z",
      "lastSaleDate": "2025-11-23T20:00:00.000Z"
    },
    {
      "name": "Sub Brk Oatmeal Pancake with Apple Sauce",
      "category": "Subscriptions",
      "productGroup": null,
      "barcode": "0123461058",
      "unitOfMeasure": "unit",
      "timesSold": 30,
      "totalQuantity": 519,
      "totalRevenue": 0,
      "avgUnitPrice": 0,
      "firstSaleDate": "2025-09-10T20:00:00.000Z",
      "lastSaleDate": "2026-01-11T20:00:00.000Z"
    },
    {
      "name": "Sub Brk Scrambled Eggs & Veggies",
      "category": "Subscriptions",
      "productGroup": null,
      "barcode": "0123460984",
      "unitOfMeasure": "Portion",
      "timesSold": 31,
      "totalQuantity": 533,
      "totalRevenue": 0,
      "avgUnitPrice": 0,
      "firstSaleDate": "2025-09-09T20:00:00.000Z",
      "lastSaleDate": "2025-12-04T20:00:00.000Z"
    },
    {
      "name": "Sub Brk Waffle with Apple Sauce",
      "category": "Subscriptions",
      "productGroup": null,
      "barcode": "0123460903",
      "unitOfMeasure": "Portion",
      "timesSold": 41,
      "totalQuantity": 672,
      "totalRevenue": 0,
      "avgUnitPrice": 0,
      "firstSaleDate": "2025-08-31T20:00:00.000Z",
      "lastSaleDate": "2026-01-07T20:00:00.000Z"
    },
    {
      "name": "Sub Butter Chicken",
      "category": "Subscriptions",
      "productGroup": null,
      "barcode": "0123460904",
      "unitOfMeasure": "Portion",
      "timesSold": 42,
      "totalQuantity": 1275,
      "totalRevenue": 0,
      "avgUnitPrice": 0,
      "firstSaleDate": "2025-08-31T20:00:00.000Z",
      "lastSaleDate": "2025-12-03T20:00:00.000Z"
    },
    {
      "name": "Sub Caesar's Salad",
      "category": "Subscriptions",
      "productGroup": null,
      "barcode": null,
      "unitOfMeasure": "Portion",
      "timesSold": 69,
      "totalQuantity": 1971,
      "totalRevenue": 0,
      "avgUnitPrice": 0,
      "firstSaleDate": "2025-09-01T20:00:00.000Z",
      "lastSaleDate": "2025-12-03T20:00:00.000Z"
    },
    {
      "name": "Sub Carrot Stick & Mexican Corn Salad",
      "category": "Subscriptions",
      "productGroup": null,
      "barcode": null,
      "unitOfMeasure": "Portion",
      "timesSold": 4,
      "totalQuantity": 45,
      "totalRevenue": 0,
      "avgUnitPrice": 0,
      "firstSaleDate": "2025-09-02T20:00:00.000Z",
      "lastSaleDate": "2025-09-24T20:00:00.000Z"
    },
    {
      "name": "Sub Carrots",
      "category": "Subscriptions",
      "productGroup": null,
      "barcode": "0123460906",
      "unitOfMeasure": "unit",
      "timesSold": 100,
      "totalQuantity": 2824,
      "totalRevenue": 0,
      "avgUnitPrice": 0,
      "firstSaleDate": "2025-09-02T20:00:00.000Z",
      "lastSaleDate": "2026-01-11T20:00:00.000Z"
    },
    {
      "name": "Sub Cheesy Pasta Tri - Colored Fusilli",
      "category": "Subscriptions",
      "productGroup": null,
      "barcode": null,
      "unitOfMeasure": "Portion",
      "timesSold": 40,
      "totalQuantity": 1119,
      "totalRevenue": 0,
      "avgUnitPrice": 0,
      "firstSaleDate": "2025-09-07T20:00:00.000Z",
      "lastSaleDate": "2025-12-03T20:00:00.000Z"
    },
    {
      "name": "Sub Chich Barak with Yogurt Sauce",
      "category": "Subscriptions",
      "productGroup": null,
      "barcode": "0123460910",
      "unitOfMeasure": "Portion",
      "timesSold": 31,
      "totalQuantity": 988,
      "totalRevenue": 0,
      "avgUnitPrice": 0,
      "firstSaleDate": "2025-09-02T20:00:00.000Z",
      "lastSaleDate": "2025-11-25T20:00:00.000Z"
    },
    {
      "name": "Sub Chicken & Potato Croquettes",
      "category": "Subscriptions",
      "productGroup": null,
      "barcode": "0123460911",
      "unitOfMeasure": "Portion",
      "timesSold": 35,
      "totalQuantity": 1120,
      "totalRevenue": 0,
      "avgUnitPrice": 0,
      "firstSaleDate": "2025-09-01T20:00:00.000Z",
      "lastSaleDate": "2025-11-24T20:00:00.000Z"
    },
    {
      "name": "Sub Chicken Biryani",
      "category": "Subscriptions",
      "productGroup": null,
      "barcode": "0123460912",
      "unitOfMeasure": "Portion",
      "timesSold": 49,
      "totalQuantity": 1387,
      "totalRevenue": 0,
      "avgUnitPrice": 0,
      "firstSaleDate": "2025-08-31T20:00:00.000Z",
      "lastSaleDate": "2026-01-08T20:00:00.000Z"
    },
    {
      "name": "Sub Chicken Burger",
      "category": "Subscriptions",
      "productGroup": null,
      "barcode": "0123460913",
      "unitOfMeasure": "Portion",
      "timesSold": 49,
      "totalQuantity": 1322,
      "totalRevenue": 0,
      "avgUnitPrice": 0,
      "firstSaleDate": "2025-09-07T20:00:00.000Z",
      "lastSaleDate": "2026-01-05T20:00:00.000Z"
    },
    {
      "name": "Sub Chicken Cacciatore",
      "category": "Subscriptions",
      "productGroup": null,
      "barcode": "0123460914",
      "unitOfMeasure": "Portion",
      "timesSold": 13,
      "totalQuantity": 249,
      "totalRevenue": 0,
      "avgUnitPrice": 0,
      "firstSaleDate": "2025-09-14T20:00:00.000Z",
      "lastSaleDate": "2026-01-11T20:00:00.000Z"
    },
    {
      "name": "Sub Chicken Curry with Saffron Rice",
      "category": "Subscriptions",
      "productGroup": null,
      "barcode": null,
      "unitOfMeasure": "Portion",
      "timesSold": 1,
      "totalQuantity": 15,
      "totalRevenue": 0,
      "avgUnitPrice": 0,
      "firstSaleDate": "2025-12-02T20:00:00.000Z",
      "lastSaleDate": "2025-12-02T20:00:00.000Z"
    },
    {
      "name": "Sub Chicken Fajitas Wrap",
      "category": "Subscriptions",
      "productGroup": null,
      "barcode": "0123460916",
      "unitOfMeasure": "Portion",
      "timesSold": 43,
      "totalQuantity": 1283,
      "totalRevenue": 0,
      "avgUnitPrice": 0,
      "firstSaleDate": "2025-09-03T20:00:00.000Z",
      "lastSaleDate": "2025-12-03T20:00:00.000Z"
    },
    {
      "name": "Sub Chicken King",
      "category": "Subscriptions",
      "productGroup": null,
      "barcode": "0123460918",
      "unitOfMeasure": "Portion",
      "timesSold": 1,
      "totalQuantity": 2,
      "totalRevenue": 0,
      "avgUnitPrice": 0,
      "firstSaleDate": "2025-10-14T20:00:00.000Z",
      "lastSaleDate": "2025-10-14T20:00:00.000Z"
    },
    {
      "name": "Sub Chicken Pie",
      "category": "Subscriptions",
      "productGroup": null,
      "barcode": null,
      "unitOfMeasure": "Portion",
      "timesSold": 38,
      "totalQuantity": 1118,
      "totalRevenue": 0,
      "avgUnitPrice": 0,
      "firstSaleDate": "2025-09-17T20:00:00.000Z",
      "lastSaleDate": "2025-12-03T20:00:00.000Z"
    },
    {
      "name": "Sub Chicken Shawarma with Ciabatta Garlic Bread Fingers",
      "category": "Subscriptions",
      "productGroup": null,
      "barcode": "0123460922",
      "unitOfMeasure": "Portion",
      "timesSold": 43,
      "totalQuantity": 1222,
      "totalRevenue": 0,
      "avgUnitPrice": 0,
      "firstSaleDate": "2025-09-09T20:00:00.000Z",
      "lastSaleDate": "2025-12-03T20:00:00.000Z"
    },
    {
      "name": "Sub Chicken Stroganoff",
      "category": "Subscriptions",
      "productGroup": null,
      "barcode": "0123460923",
      "unitOfMeasure": "Portion",
      "timesSold": 3,
      "totalQuantity": 76,
      "totalRevenue": 0,
      "avgUnitPrice": 0,
      "firstSaleDate": "2025-09-01T20:00:00.000Z",
      "lastSaleDate": "2025-09-30T20:00:00.000Z"
    },
    {
      "name": "Sub Chicken Tenders with Honey Mustard Sauce",
      "category": "Subscriptions",
      "productGroup": null,
      "barcode": null,
      "unitOfMeasure": "Portion",
      "timesSold": 19,
      "totalQuantity": 559,
      "totalRevenue": 0,
      "avgUnitPrice": 0,
      "firstSaleDate": "2025-09-02T20:00:00.000Z",
      "lastSaleDate": "2025-11-25T20:00:00.000Z"
    },
    {
      "name": "Sub Chicken White Sauce with Cantonese Rice",
      "category": "Subscriptions",
      "productGroup": null,
      "barcode": null,
      "unitOfMeasure": "Portion",
      "timesSold": 36,
      "totalQuantity": 1067,
      "totalRevenue": 0,
      "avgUnitPrice": 0,
      "firstSaleDate": "2025-09-08T20:00:00.000Z",
      "lastSaleDate": "2025-11-23T20:00:00.000Z"
    },
    {
      "name": "Sub Corn Flakes , Milk & Fruits",
      "category": "Subscriptions",
      "productGroup": null,
      "barcode": "0123460924",
      "unitOfMeasure": "Portion",
      "timesSold": 22,
      "totalQuantity": 298,
      "totalRevenue": 0,
      "avgUnitPrice": 0,
      "firstSaleDate": "2025-11-05T20:00:00.000Z",
      "lastSaleDate": "2026-01-04T20:00:00.000Z"
    },
    {
      "name": "Sub Corn Flakes, Milk & Fruits",
      "category": "Subscriptions",
      "productGroup": null,
      "barcode": "0123460924",
      "unitOfMeasure": "Portion",
      "timesSold": 58,
      "totalQuantity": 921,
      "totalRevenue": 0,
      "avgUnitPrice": 0,
      "firstSaleDate": "2025-08-31T20:00:00.000Z",
      "lastSaleDate": "2026-01-04T20:00:00.000Z"
    },
    {
      "name": "Sub Corn On The Cob",
      "category": "Subscriptions",
      "productGroup": null,
      "barcode": "0123460925",
      "unitOfMeasure": "unit",
      "timesSold": 71,
      "totalQuantity": 2028,
      "totalRevenue": 0,
      "avgUnitPrice": 0,
      "firstSaleDate": "2025-09-08T20:00:00.000Z",
      "lastSaleDate": "2026-01-05T20:00:00.000Z"
    },
    {
      "name": "Sub Cottage Pie",
      "category": "Subscriptions",
      "productGroup": null,
      "barcode": "0123460985",
      "unitOfMeasure": "Portion",
      "timesSold": 12,
      "totalQuantity": 373,
      "totalRevenue": 0,
      "avgUnitPrice": 0,
      "firstSaleDate": "2025-11-04T20:00:00.000Z",
      "lastSaleDate": "2025-12-02T20:00:00.000Z"
    },
    {
      "name": "Sub Crackers",
      "category": "Subscriptions",
      "productGroup": null,
      "barcode": "0123460926",
      "unitOfMeasure": "Portion",
      "timesSold": 48,
      "totalQuantity": 1477,
      "totalRevenue": 0,
      "avgUnitPrice": 0,
      "firstSaleDate": "2025-09-02T20:00:00.000Z",
      "lastSaleDate": "2025-12-02T20:00:00.000Z"
    },
    {
      "name": "Sub Creamy Chicken Stew With Vegetables",
      "category": "Subscriptions",
      "productGroup": null,
      "barcode": "0123460927",
      "unitOfMeasure": "Portion",
      "timesSold": 2,
      "totalQuantity": 11,
      "totalRevenue": 0,
      "avgUnitPrice": 0,
      "firstSaleDate": "2025-09-03T20:00:00.000Z",
      "lastSaleDate": "2025-10-01T20:00:00.000Z"
    },
    {
      "name": "Sub Creamy Sundried Tomato Pesto Chicken",
      "category": "Subscriptions",
      "productGroup": null,
      "barcode": null,
      "unitOfMeasure": "Portion",
      "timesSold": 1,
      "totalQuantity": 2,
      "totalRevenue": 0,
      "avgUnitPrice": 0,
      "firstSaleDate": "2025-11-24T20:00:00.000Z",
      "lastSaleDate": "2025-11-24T20:00:00.000Z"
    },
    {
      "name": "Sub Croissant 60 Gm",
      "category": "Subscriptions",
      "productGroup": null,
      "barcode": null,
      "unitOfMeasure": "unit",
      "timesSold": 8,
      "totalQuantity": 82,
      "totalRevenue": 0,
      "avgUnitPrice": 0,
      "firstSaleDate": "2025-09-03T20:00:00.000Z",
      "lastSaleDate": "2025-11-02T20:00:00.000Z"
    },
    {
      "name": "Sub Croissant Plain 60Gm",
      "category": "Subscriptions",
      "productGroup": null,
      "barcode": "0123460928",
      "unitOfMeasure": "unit",
      "timesSold": 12,
      "totalQuantity": 203,
      "totalRevenue": 0,
      "avgUnitPrice": 0,
      "firstSaleDate": "2025-09-01T20:00:00.000Z",
      "lastSaleDate": "2025-12-04T20:00:00.000Z"
    },
    {
      "name": "Sub Croissant Zaatar 60 G",
      "category": "Subscriptions",
      "productGroup": null,
      "barcode": "0123460929",
      "unitOfMeasure": "unit",
      "timesSold": 1,
      "totalQuantity": 20,
      "totalRevenue": 0,
      "avgUnitPrice": 0,
      "firstSaleDate": "2025-10-14T20:00:00.000Z",
      "lastSaleDate": "2025-10-14T20:00:00.000Z"
    },
    {
      "name": "Sub Cucumber",
      "category": "Subscriptions",
      "productGroup": null,
      "barcode": "0123460930",
      "unitOfMeasure": "unit",
      "timesSold": 252,
      "totalQuantity": 6663,
      "totalRevenue": 0,
      "avgUnitPrice": 0,
      "firstSaleDate": "2025-08-31T20:00:00.000Z",
      "lastSaleDate": "2026-01-11T20:00:00.000Z"
    },
    {
      "name": "Sub Cucumber & Carrots",
      "category": "Subscriptions",
      "productGroup": null,
      "barcode": "0123460931",
      "unitOfMeasure": "unit",
      "timesSold": 103,
      "totalQuantity": 3268,
      "totalRevenue": 0,
      "avgUnitPrice": 0,
      "firstSaleDate": "2025-09-01T20:00:00.000Z",
      "lastSaleDate": "2026-01-11T20:00:00.000Z"
    },
    {
      "name": "Sub Cucumber & Tomato",
      "category": "Subscriptions",
      "productGroup": null,
      "barcode": "0123460932",
      "unitOfMeasure": "unit",
      "timesSold": 36,
      "totalQuantity": 739,
      "totalRevenue": 0,
      "avgUnitPrice": 0,
      "firstSaleDate": "2025-08-31T20:00:00.000Z",
      "lastSaleDate": "2025-12-03T20:00:00.000Z"
    },
    {
      "name": "Sub Date Sable",
      "category": "Subscriptions",
      "productGroup": null,
      "barcode": null,
      "unitOfMeasure": "unit",
      "timesSold": 34,
      "totalQuantity": 1087,
      "totalRevenue": 0,
      "avgUnitPrice": 0,
      "firstSaleDate": "2025-09-14T20:00:00.000Z",
      "lastSaleDate": "2025-11-10T20:00:00.000Z"
    },
    {
      "name": "Sub Date and biscuit Lazy cake",
      "category": "Subscriptions",
      "productGroup": null,
      "barcode": null,
      "unitOfMeasure": "unit",
      "timesSold": 23,
      "totalQuantity": 539,
      "totalRevenue": 0,
      "avgUnitPrice": 0,
      "firstSaleDate": "2025-09-01T20:00:00.000Z",
      "lastSaleDate": "2025-12-03T20:00:00.000Z"
    },
    {
      "name": "Sub Fruit Salad",
      "category": "Fruits & Vegetables",
      "productGroup": null,
      "barcode": "0123460934",
      "unitOfMeasure": "Portion",
      "timesSold": 11,
      "totalQuantity": 285,
      "totalRevenue": 0,
      "avgUnitPrice": 0,
      "firstSaleDate": "2025-08-31T20:00:00.000Z",
      "lastSaleDate": "2025-09-08T20:00:00.000Z"
    },
    {
      "name": "Sub Fruit Salad",
      "category": "Subscriptions",
      "productGroup": null,
      "barcode": null,
      "unitOfMeasure": "unit",
      "timesSold": 14,
      "totalQuantity": 307,
      "totalRevenue": 0,
      "avgUnitPrice": 0,
      "firstSaleDate": "2025-11-03T20:00:00.000Z",
      "lastSaleDate": "2026-01-11T20:00:00.000Z"
    },
    {
      "name": "Sub Fusion Kebbe Balls",
      "category": "Subscriptions",
      "productGroup": null,
      "barcode": "0123460943",
      "unitOfMeasure": "Portion",
      "timesSold": 21,
      "totalQuantity": 541,
      "totalRevenue": 0,
      "avgUnitPrice": 0,
      "firstSaleDate": "2025-09-09T20:00:00.000Z",
      "lastSaleDate": "2025-10-20T20:00:00.000Z"
    },
    {
      "name": "Sub Garlic Bread",
      "category": "Subscriptions",
      "productGroup": null,
      "barcode": "0123460935",
      "unitOfMeasure": "Portion",
      "timesSold": 5,
      "totalQuantity": 8,
      "totalRevenue": 0,
      "avgUnitPrice": 0,
      "firstSaleDate": "2025-08-31T20:00:00.000Z",
      "lastSaleDate": "2025-11-24T20:00:00.000Z"
    },
    {
      "name": "Sub Granola Yogurt Cup",
      "category": "Subscriptions",
      "productGroup": null,
      "barcode": "0123460936",
      "unitOfMeasure": "Portion",
      "timesSold": 44,
      "totalQuantity": 857,
      "totalRevenue": 0,
      "avgUnitPrice": 0,
      "firstSaleDate": "2025-09-15T20:00:00.000Z",
      "lastSaleDate": "2025-12-03T20:00:00.000Z"
    },
    {
      "name": "Sub Green Peas Stew",
      "category": "Subscriptions",
      "productGroup": null,
      "barcode": "0123460937",
      "unitOfMeasure": "Portion",
      "timesSold": 51,
      "totalQuantity": 1469,
      "totalRevenue": 0,
      "avgUnitPrice": 0,
      "firstSaleDate": "2025-09-07T20:00:00.000Z",
      "lastSaleDate": "2026-01-07T20:00:00.000Z"
    },
    {
      "name": "Sub Green Salad",
      "category": "Subscriptions",
      "productGroup": null,
      "barcode": null,
      "unitOfMeasure": "Portion",
      "timesSold": 33,
      "totalQuantity": 991,
      "totalRevenue": 0,
      "avgUnitPrice": 0,
      "firstSaleDate": "2025-09-02T20:00:00.000Z",
      "lastSaleDate": "2025-11-19T20:00:00.000Z"
    },
    {
      "name": "Sub Grissini",
      "category": "Subscriptions",
      "productGroup": null,
      "barcode": "0123460938",
      "unitOfMeasure": "Portion",
      "timesSold": 3,
      "totalQuantity": 39,
      "totalRevenue": 0,
      "avgUnitPrice": 0,
      "firstSaleDate": "2025-10-06T20:00:00.000Z",
      "lastSaleDate": "2025-11-17T20:00:00.000Z"
    },
    {
      "name": "Sub Grounded Beef Tacos",
      "category": "Subscriptions",
      "productGroup": null,
      "barcode": "0123460939",
      "unitOfMeasure": "Portion",
      "timesSold": 33,
      "totalQuantity": 1092,
      "totalRevenue": 0,
      "avgUnitPrice": 0,
      "firstSaleDate": "2025-09-16T20:00:00.000Z",
      "lastSaleDate": "2025-11-12T20:00:00.000Z"
    },
    {
      "name": "Sub Hash Brown",
      "category": "Subscriptions",
      "productGroup": null,
      "barcode": null,
      "unitOfMeasure": "Portion",
      "timesSold": 35,
      "totalQuantity": 1152,
      "totalRevenue": 0,
      "avgUnitPrice": 0,
      "firstSaleDate": "2025-09-03T20:00:00.000Z",
      "lastSaleDate": "2025-11-26T20:00:00.000Z"
    },
    {
      "name": "Sub Hummus Avocado Dip",
      "category": "Subscriptions",
      "productGroup": null,
      "barcode": null,
      "unitOfMeasure": "Portion",
      "timesSold": 30,
      "totalQuantity": 815,
      "totalRevenue": 0,
      "avgUnitPrice": 0,
      "firstSaleDate": "2025-09-23T20:00:00.000Z",
      "lastSaleDate": "2026-01-07T20:00:00.000Z"
    },
    {
      "name": "Sub Hummus Dip",
      "category": "Subscriptions",
      "productGroup": null,
      "barcode": "0123460942",
      "unitOfMeasure": "Portion",
      "timesSold": 76,
      "totalQuantity": 2305,
      "totalRevenue": 0,
      "avgUnitPrice": 0,
      "firstSaleDate": "2025-08-31T20:00:00.000Z",
      "lastSaleDate": "2025-12-03T20:00:00.000Z"
    },
    {
      "name": "Sub Kebbe Labanieh w Rice",
      "category": "Subscriptions",
      "productGroup": null,
      "barcode": "0123460943",
      "unitOfMeasure": "Portion",
      "timesSold": 14,
      "totalQuantity": 410,
      "totalRevenue": 0,
      "avgUnitPrice": 0,
      "firstSaleDate": "2025-11-05T20:00:00.000Z",
      "lastSaleDate": "2025-12-03T20:00:00.000Z"
    },
    {
      "name": "Sub Kebbe Patties",
      "category": "Subscriptions",
      "productGroup": null,
      "barcode": "0123460944",
      "unitOfMeasure": "Portion",
      "timesSold": 1,
      "totalQuantity": 18,
      "totalRevenue": 0,
      "avgUnitPrice": 0,
      "firstSaleDate": "2025-11-05T20:00:00.000Z",
      "lastSaleDate": "2025-11-05T20:00:00.000Z"
    },
    {
      "name": "Sub Labne",
      "category": "Subscriptions",
      "productGroup": null,
      "barcode": "0123460945",
      "unitOfMeasure": "Portion",
      "timesSold": 29,
      "totalQuantity": 767,
      "totalRevenue": 0,
      "avgUnitPrice": 0,
      "firstSaleDate": "2025-08-31T20:00:00.000Z",
      "lastSaleDate": "2026-01-11T20:00:00.000Z"
    },
    {
      "name": "Sub Lasagna Bolognese",
      "category": "Subscriptions",
      "productGroup": null,
      "barcode": "0123460946",
      "unitOfMeasure": "Portion",
      "timesSold": 32,
      "totalQuantity": 1075,
      "totalRevenue": 0,
      "avgUnitPrice": 0,
      "firstSaleDate": "2025-09-14T20:00:00.000Z",
      "lastSaleDate": "2025-11-10T20:00:00.000Z"
    },
    {
      "name": "Sub Lasagna Primavera",
      "category": "Subscriptions",
      "productGroup": null,
      "barcode": "0123460947",
      "unitOfMeasure": "Portion",
      "timesSold": 34,
      "totalQuantity": 999,
      "totalRevenue": 0,
      "avgUnitPrice": 0,
      "firstSaleDate": "2025-08-31T20:00:00.000Z",
      "lastSaleDate": "2026-01-05T20:00:00.000Z"
    },
    {
      "name": "Sub Mac & Cheese",
      "category": "Subscriptions",
      "productGroup": null,
      "barcode": "0123460948",
      "unitOfMeasure": "Portion",
      "timesSold": 54,
      "totalQuantity": 1411,
      "totalRevenue": 0,
      "avgUnitPrice": 0,
      "firstSaleDate": "2025-09-02T20:00:00.000Z",
      "lastSaleDate": "2026-01-08T20:00:00.000Z"
    },
    {
      "name": "Sub Mashed Potato",
      "category": "Subscriptions",
      "productGroup": null,
      "barcode": "0123460949",
      "unitOfMeasure": "Portion",
      "timesSold": 3,
      "totalQuantity": 87,
      "totalRevenue": 0,
      "avgUnitPrice": 0,
      "firstSaleDate": "2025-09-01T20:00:00.000Z",
      "lastSaleDate": "2025-12-03T20:00:00.000Z"
    },
    {
      "name": "Sub Mini Bite Labne",
      "category": "Subscriptions",
      "productGroup": null,
      "barcode": "0123460950",
      "unitOfMeasure": "Portion",
      "timesSold": 5,
      "totalQuantity": 116,
      "totalRevenue": 0,
      "avgUnitPrice": 0,
      "firstSaleDate": "2025-09-17T20:00:00.000Z",
      "lastSaleDate": "2026-01-06T20:00:00.000Z"
    },
    {
      "name": "Sub Mini Brownies",
      "category": "Subscriptions",
      "productGroup": null,
      "barcode": "0123460951",
      "unitOfMeasure": "unit",
      "timesSold": 9,
      "totalQuantity": 298,
      "totalRevenue": 0,
      "avgUnitPrice": 0,
      "firstSaleDate": "2025-09-29T20:00:00.000Z",
      "lastSaleDate": "2025-11-24T20:00:00.000Z"
    },
    {
      "name": "Sub Mini Chocolate Custard",
      "category": "Subscriptions",
      "productGroup": null,
      "barcode": null,
      "unitOfMeasure": "unit",
      "timesSold": 21,
      "totalQuantity": 704,
      "totalRevenue": 0,
      "avgUnitPrice": 0,
      "firstSaleDate": "2025-09-23T20:00:00.000Z",
      "lastSaleDate": "2025-11-18T20:00:00.000Z"
    },
    {
      "name": "Sub Mini Custard",
      "category": "Subscriptions",
      "productGroup": null,
      "barcode": "0123460953",
      "unitOfMeasure": "unit",
      "timesSold": 7,
      "totalQuantity": 258,
      "totalRevenue": 0,
      "avgUnitPrice": 0,
      "firstSaleDate": "2025-09-23T20:00:00.000Z",
      "lastSaleDate": "2025-10-21T20:00:00.000Z"
    },
    {
      "name": "Sub Mini Fatayer Spinach",
      "category": "Subscriptions",
      "productGroup": null,
      "barcode": "0123460954",
      "unitOfMeasure": "unit",
      "timesSold": 21,
      "totalQuantity": 721,
      "totalRevenue": 0,
      "avgUnitPrice": 0,
      "firstSaleDate": "2025-09-08T20:00:00.000Z",
      "lastSaleDate": "2025-11-03T20:00:00.000Z"
    },
    {
      "name": "Sub Mini Pizza",
      "category": "Subscriptions",
      "productGroup": null,
      "barcode": "0123460956",
      "unitOfMeasure": "unit",
      "timesSold": 10,
      "totalQuantity": 376,
      "totalRevenue": 0,
      "avgUnitPrice": 0,
      "firstSaleDate": "2025-09-03T20:00:00.000Z",
      "lastSaleDate": "2025-11-26T20:00:00.000Z"
    },
    {
      "name": "Sub Mini Sambousik Cheese",
      "category": "Subscriptions",
      "productGroup": null,
      "barcode": "0123460958",
      "unitOfMeasure": "unit",
      "timesSold": 1,
      "totalQuantity": 1,
      "totalRevenue": 0,
      "avgUnitPrice": 0,
      "firstSaleDate": "2025-09-24T20:00:00.000Z",
      "lastSaleDate": "2025-09-24T20:00:00.000Z"
    },
    {
      "name": "Sub Mini Sambousik Meat",
      "category": "Subscriptions",
      "productGroup": null,
      "barcode": "0123460959",
      "unitOfMeasure": "unit",
      "timesSold": 1,
      "totalQuantity": 10,
      "totalRevenue": 0,
      "avgUnitPrice": 0,
      "firstSaleDate": "2025-09-30T20:00:00.000Z",
      "lastSaleDate": "2025-09-30T20:00:00.000Z"
    },
    {
      "name": "Sub Oriental Chicken",
      "category": "Subscriptions",
      "productGroup": null,
      "barcode": "0123460961",
      "unitOfMeasure": "Portion",
      "timesSold": 46,
      "totalQuantity": 1285,
      "totalRevenue": 0,
      "avgUnitPrice": 0,
      "firstSaleDate": "2025-09-22T20:00:00.000Z",
      "lastSaleDate": "2026-01-04T20:00:00.000Z"
    },
    {
      "name": "Sub Oven Baked Chicken",
      "category": "Subscriptions",
      "productGroup": null,
      "barcode": "0123460962",
      "unitOfMeasure": "Portion",
      "timesSold": 33,
      "totalQuantity": 973,
      "totalRevenue": 0,
      "avgUnitPrice": 0,
      "firstSaleDate": "2025-09-14T20:00:00.000Z",
      "lastSaleDate": "2025-11-10T20:00:00.000Z"
    },
    {
      "name": "Sub Oven Baked Chicken Crispy",
      "category": "Subscriptions",
      "productGroup": null,
      "barcode": "0123460963",
      "unitOfMeasure": "unit",
      "timesSold": 12,
      "totalQuantity": 480,
      "totalRevenue": 0,
      "avgUnitPrice": 0,
      "firstSaleDate": "2025-09-02T20:00:00.000Z",
      "lastSaleDate": "2025-11-25T20:00:00.000Z"
    },
    {
      "name": "Sub Pasta Alfredo",
      "category": "Subscriptions",
      "productGroup": null,
      "barcode": "0123460964",
      "unitOfMeasure": "Portion",
      "timesSold": 21,
      "totalQuantity": 477,
      "totalRevenue": 0,
      "avgUnitPrice": 0,
      "firstSaleDate": "2025-09-03T20:00:00.000Z",
      "lastSaleDate": "2026-01-11T20:00:00.000Z"
    },
    {
      "name": "Sub Pasta Alfredo Chicken",
      "category": "Subscriptions",
      "productGroup": null,
      "barcode": "0123460965",
      "unitOfMeasure": "Portion",
      "timesSold": 79,
      "totalQuantity": 2384,
      "totalRevenue": 0,
      "avgUnitPrice": 0,
      "firstSaleDate": "2025-09-02T20:00:00.000Z",
      "lastSaleDate": "2026-01-07T20:00:00.000Z"
    },
    {
      "name": "Sub Pasta Arabiatta",
      "category": "Subscriptions",
      "productGroup": null,
      "barcode": "0123460966",
      "unitOfMeasure": "unit",
      "timesSold": 45,
      "totalQuantity": 1379,
      "totalRevenue": 0,
      "avgUnitPrice": 0,
      "firstSaleDate": "2025-09-17T20:00:00.000Z",
      "lastSaleDate": "2026-01-11T20:00:00.000Z"
    },
    {
      "name": "Sub Pasta Bolognese",
      "category": "Subscriptions",
      "productGroup": null,
      "barcode": "0123460967",
      "unitOfMeasure": "unit",
      "timesSold": 77,
      "totalQuantity": 1987,
      "totalRevenue": 0,
      "avgUnitPrice": 0,
      "firstSaleDate": "2025-09-08T20:00:00.000Z",
      "lastSaleDate": "2026-01-04T20:00:00.000Z"
    },
    {
      "name": "Sub Pasta Primavera",
      "category": "Subscriptions",
      "productGroup": null,
      "barcode": "0123460969",
      "unitOfMeasure": "Portion",
      "timesSold": 12,
      "totalQuantity": 364,
      "totalRevenue": 0,
      "avgUnitPrice": 0,
      "firstSaleDate": "2025-08-31T20:00:00.000Z",
      "lastSaleDate": "2026-01-05T20:00:00.000Z"
    },
    {
      "name": "Sub Pasta White Sauce",
      "category": "Subscriptions",
      "productGroup": null,
      "barcode": "0123460970",
      "unitOfMeasure": "Portion",
      "timesSold": 2,
      "totalQuantity": 4,
      "totalRevenue": 0,
      "avgUnitPrice": 0,
      "firstSaleDate": "2025-11-18T20:00:00.000Z",
      "lastSaleDate": "2025-11-26T20:00:00.000Z"
    },
    {
      "name": "Sub Pizza Margherita",
      "category": "Subscriptions",
      "productGroup": null,
      "barcode": "0123460972",
      "unitOfMeasure": "Portion",
      "timesSold": 28,
      "totalQuantity": 740,
      "totalRevenue": 0,
      "avgUnitPrice": 0,
      "firstSaleDate": "2025-09-03T20:00:00.000Z",
      "lastSaleDate": "2025-12-03T20:00:00.000Z"
    },
    {
      "name": "Sub Pop Corn",
      "category": "Subscriptions",
      "productGroup": null,
      "barcode": "0123460973",
      "unitOfMeasure": "unit",
      "timesSold": 73,
      "totalQuantity": 2319,
      "totalRevenue": 0,
      "avgUnitPrice": 0,
      "firstSaleDate": "2025-09-09T20:00:00.000Z",
      "lastSaleDate": "2025-12-03T20:00:00.000Z"
    },
    {
      "name": "Sub Potato Dauphinoise",
      "category": "Subscriptions",
      "productGroup": null,
      "barcode": null,
      "unitOfMeasure": "Portion",
      "timesSold": 34,
      "totalQuantity": 975,
      "totalRevenue": 0,
      "avgUnitPrice": 0,
      "firstSaleDate": "2025-09-17T20:00:00.000Z",
      "lastSaleDate": "2025-11-12T20:00:00.000Z"
    },
    {
      "name": "Sub Potato Wedges",
      "category": "Subscriptions",
      "productGroup": null,
      "barcode": "0123460977",
      "unitOfMeasure": "Portion",
      "timesSold": 19,
      "totalQuantity": 501,
      "totalRevenue": 0,
      "avgUnitPrice": 0,
      "firstSaleDate": "2025-09-07T20:00:00.000Z",
      "lastSaleDate": "2026-01-05T20:00:00.000Z"
    },
    {
      "name": "Sub Puff Pastry Spinach And Cheese",
      "category": "Subscriptions",
      "productGroup": null,
      "barcode": "0123460980",
      "unitOfMeasure": "unit",
      "timesSold": 1,
      "totalQuantity": 19,
      "totalRevenue": 0,
      "avgUnitPrice": 0,
      "firstSaleDate": "2025-10-06T20:00:00.000Z",
      "lastSaleDate": "2025-10-06T20:00:00.000Z"
    },
    {
      "name": "Sub Rice Oriental",
      "category": "Subscriptions",
      "productGroup": null,
      "barcode": "0123460981",
      "unitOfMeasure": "Portion",
      "timesSold": 10,
      "totalQuantity": 386,
      "totalRevenue": 0,
      "avgUnitPrice": 0,
      "firstSaleDate": "2025-09-22T20:00:00.000Z",
      "lastSaleDate": "2026-01-04T20:00:00.000Z"
    },
    {
      "name": "Sub Sauce Labnieh",
      "category": "Subscriptions",
      "productGroup": null,
      "barcode": "0123460983",
      "unitOfMeasure": "unit",
      "timesSold": 2,
      "totalQuantity": 93,
      "totalRevenue": 0,
      "avgUnitPrice": 0,
      "firstSaleDate": "2025-10-07T20:00:00.000Z",
      "lastSaleDate": "2025-11-23T20:00:00.000Z"
    },
    {
      "name": "Sub Shepherds Pie",
      "category": "Subscriptions",
      "productGroup": null,
      "barcode": "0123460985",
      "unitOfMeasure": "Portion",
      "timesSold": 24,
      "totalQuantity": 696,
      "totalRevenue": 0,
      "avgUnitPrice": 0,
      "firstSaleDate": "2025-09-09T20:00:00.000Z",
      "lastSaleDate": "2025-10-20T20:00:00.000Z"
    },
    {
      "name": "Sub Slow- cooked Bolognese pasta",
      "category": "Subscriptions",
      "productGroup": null,
      "barcode": null,
      "unitOfMeasure": "Portion",
      "timesSold": 16,
      "totalQuantity": 478,
      "totalRevenue": 0,
      "avgUnitPrice": 0,
      "firstSaleDate": "2025-09-08T20:00:00.000Z",
      "lastSaleDate": "2025-10-14T20:00:00.000Z"
    },
    {
      "name": "Sub Steamed Vegetables",
      "category": "Subscriptions",
      "productGroup": null,
      "barcode": "0123460986",
      "unitOfMeasure": "Portion",
      "timesSold": 25,
      "totalQuantity": 726,
      "totalRevenue": 0,
      "avgUnitPrice": 0,
      "firstSaleDate": "2025-09-01T20:00:00.000Z",
      "lastSaleDate": "2025-11-24T20:00:00.000Z"
    },
    {
      "name": "Sub Sweet & Sour Chicken w Rice",
      "category": "Subscriptions",
      "productGroup": null,
      "barcode": null,
      "unitOfMeasure": "Portion",
      "timesSold": 36,
      "totalQuantity": 1115,
      "totalRevenue": 0,
      "avgUnitPrice": 0,
      "firstSaleDate": "2025-09-16T20:00:00.000Z",
      "lastSaleDate": "2025-12-02T20:00:00.000Z"
    },
    {
      "name": "Sub Sweet Corn",
      "category": "Subscriptions",
      "productGroup": null,
      "barcode": null,
      "unitOfMeasure": "Portion",
      "timesSold": 4,
      "totalQuantity": 108,
      "totalRevenue": 0,
      "avgUnitPrice": 0,
      "firstSaleDate": "2025-11-05T20:00:00.000Z",
      "lastSaleDate": "2026-01-05T20:00:00.000Z"
    },
    {
      "name": "Sub Thyme Crackers",
      "category": "Subscriptions",
      "productGroup": null,
      "barcode": null,
      "unitOfMeasure": "Portion",
      "timesSold": 24,
      "totalQuantity": 781,
      "totalRevenue": 0,
      "avgUnitPrice": 0,
      "firstSaleDate": "2025-09-14T20:00:00.000Z",
      "lastSaleDate": "2025-11-10T20:00:00.000Z"
    },
    {
      "name": "Sub Toasted Bread",
      "category": "Subscriptions",
      "productGroup": null,
      "barcode": "0123460988",
      "unitOfMeasure": "Portion",
      "timesSold": 3,
      "totalQuantity": 43,
      "totalRevenue": 0,
      "avgUnitPrice": 0,
      "firstSaleDate": "2025-09-23T20:00:00.000Z",
      "lastSaleDate": "2025-11-09T20:00:00.000Z"
    },
    {
      "name": "Sub Toasted Pita Bread",
      "category": "Subscriptions",
      "productGroup": null,
      "barcode": null,
      "unitOfMeasure": "Portion",
      "timesSold": 35,
      "totalQuantity": 1092,
      "totalRevenue": 0,
      "avgUnitPrice": 0,
      "firstSaleDate": "2025-09-23T20:00:00.000Z",
      "lastSaleDate": "2026-01-07T20:00:00.000Z"
    },
    {
      "name": "Sub Tzatziki",
      "category": "Subscriptions",
      "productGroup": null,
      "barcode": null,
      "unitOfMeasure": "Portion",
      "timesSold": 30,
      "totalQuantity": 840,
      "totalRevenue": 0,
      "avgUnitPrice": 0,
      "firstSaleDate": "2025-09-09T20:00:00.000Z",
      "lastSaleDate": "2025-12-03T20:00:00.000Z"
    },
    {
      "name": "Sub Vegetable Gratin",
      "category": "Subscriptions",
      "productGroup": null,
      "barcode": null,
      "unitOfMeasure": "Portion",
      "timesSold": 4,
      "totalQuantity": 36,
      "totalRevenue": 0,
      "avgUnitPrice": 0,
      "firstSaleDate": "2025-09-24T20:00:00.000Z",
      "lastSaleDate": "2025-11-17T20:00:00.000Z"
    },
    {
      "name": "Sub Vermicelli Rice",
      "category": "Subscriptions",
      "productGroup": null,
      "barcode": "0123460990",
      "unitOfMeasure": "Portion",
      "timesSold": 22,
      "totalQuantity": 677,
      "totalRevenue": 0,
      "avgUnitPrice": 0,
      "firstSaleDate": "2025-09-23T20:00:00.000Z",
      "lastSaleDate": "2026-01-06T20:00:00.000Z"
    },
    {
      "name": "Sub Watermelon",
      "category": "Subscriptions",
      "productGroup": null,
      "barcode": null,
      "unitOfMeasure": "Portion",
      "timesSold": 27,
      "totalQuantity": 634,
      "totalRevenue": 0,
      "avgUnitPrice": 0,
      "firstSaleDate": "2025-10-20T20:00:00.000Z",
      "lastSaleDate": "2026-01-11T20:00:00.000Z"
    },
    {
      "name": "Sub White Rice",
      "category": "Subscriptions",
      "productGroup": null,
      "barcode": "0123460993",
      "unitOfMeasure": "Portion",
      "timesSold": 73,
      "totalQuantity": 2377,
      "totalRevenue": 0,
      "avgUnitPrice": 0,
      "firstSaleDate": "2025-08-31T20:00:00.000Z",
      "lastSaleDate": "2026-01-11T20:00:00.000Z"
    },
    {
      "name": "Sub Yogurt",
      "category": "Subscriptions",
      "productGroup": null,
      "barcode": "0123460994",
      "unitOfMeasure": "Portion",
      "timesSold": 54,
      "totalQuantity": 1632,
      "totalRevenue": 0,
      "avgUnitPrice": 0,
      "firstSaleDate": "2025-08-31T20:00:00.000Z",
      "lastSaleDate": "2026-01-07T20:00:00.000Z"
    },
    {
      "name": "Sugar Brown Sachet",
      "category": "Grains & Spices",
      "productGroup": null,
      "barcode": "0123460996",
      "unitOfMeasure": "unit",
      "timesSold": 1,
      "totalQuantity": 10,
      "totalRevenue": 0,
      "avgUnitPrice": 0,
      "firstSaleDate": "2025-12-01T20:00:00.000Z",
      "lastSaleDate": "2025-12-01T20:00:00.000Z"
    },
    {
      "name": "Sugar White Sachet",
      "category": "Grains & Spices",
      "productGroup": null,
      "barcode": null,
      "unitOfMeasure": "unit",
      "timesSold": 1,
      "totalQuantity": 10,
      "totalRevenue": 0,
      "avgUnitPrice": 0,
      "firstSaleDate": "2025-12-01T20:00:00.000Z",
      "lastSaleDate": "2025-12-01T20:00:00.000Z"
    },
    {
      "name": "Sw Cookies,White",
      "category": "All",
      "productGroup": null,
      "barcode": null,
      "unitOfMeasure": "unit",
      "timesSold": 1,
      "totalQuantity": 77,
      "totalRevenue": 0,
      "avgUnitPrice": 0,
      "firstSaleDate": "2025-11-07T20:00:00.000Z",
      "lastSaleDate": "2025-11-07T20:00:00.000Z"
    },
    {
      "name": "Sw Custard",
      "category": "Desserts",
      "productGroup": "Food Items",
      "barcode": "0123461018",
      "unitOfMeasure": "unit",
      "timesSold": 19,
      "totalQuantity": 36,
      "totalRevenue": 0,
      "avgUnitPrice": 0,
      "firstSaleDate": "2025-09-28T20:00:00.000Z",
      "lastSaleDate": "2025-12-04T20:00:00.000Z"
    },
    {
      "name": "Sw Muffin Raisins",
      "category": "Desserts",
      "productGroup": "Food Items",
      "barcode": "0123461042",
      "unitOfMeasure": "unit",
      "timesSold": 1,
      "totalQuantity": 11,
      "totalRevenue": 0,
      "avgUnitPrice": 0,
      "firstSaleDate": "2025-10-13T20:00:00.000Z",
      "lastSaleDate": "2025-10-13T20:00:00.000Z"
    },
    {
      "name": "Sw Muffins White 80g",
      "category": "Desserts",
      "productGroup": "Food Items",
      "barcode": null,
      "unitOfMeasure": "unit",
      "timesSold": 1,
      "totalQuantity": 75,
      "totalRevenue": 0,
      "avgUnitPrice": 0,
      "firstSaleDate": "2025-10-24T20:00:00.000Z",
      "lastSaleDate": "2025-10-24T20:00:00.000Z"
    },
    {
      "name": "Sw, Fruit Cup, 450 Gr",
      "category": "Desserts",
      "productGroup": "Food Items",
      "barcode": "0123461063",
      "unitOfMeasure": "Portion",
      "timesSold": 1,
      "totalQuantity": 1,
      "totalRevenue": 0,
      "avgUnitPrice": 0,
      "firstSaleDate": "2025-09-09T20:00:00.000Z",
      "lastSaleDate": "2025-09-09T20:00:00.000Z"
    },
    {
      "name": "Sweet Melon",
      "category": "Fruits & Vegetables",
      "productGroup": null,
      "barcode": "0123461075",
      "unitOfMeasure": "KG",
      "timesSold": 14,
      "totalQuantity": 56.25,
      "totalRevenue": 0,
      "avgUnitPrice": 0,
      "firstSaleDate": "2025-09-08T20:00:00.000Z",
      "lastSaleDate": "2026-01-07T20:00:00.000Z"
    },
    {
      "name": "Tiramisu Supplier",
      "category": "Desserts",
      "productGroup": "Food Items",
      "barcode": null,
      "unitOfMeasure": "unit",
      "timesSold": 7,
      "totalQuantity": 194,
      "totalRevenue": 0,
      "avgUnitPrice": 0,
      "firstSaleDate": "2025-09-21T20:00:00.000Z",
      "lastSaleDate": "2025-10-31T20:00:00.000Z"
    },
    {
      "name": "UHT, Milk Full Fat",
      "category": "Dairy Products",
      "productGroup": null,
      "barcode": "0123461140",
      "unitOfMeasure": "LITRE",
      "timesSold": 31,
      "totalQuantity": 56.5,
      "totalRevenue": 0,
      "avgUnitPrice": 0,
      "firstSaleDate": "2025-09-05T20:00:00.000Z",
      "lastSaleDate": "2025-10-28T20:00:00.000Z"
    },
    {
      "name": "Umm Ali Sweet 1 Kg",
      "category": "Desserts",
      "productGroup": "Food Items",
      "barcode": "0123460211",
      "unitOfMeasure": "KG",
      "timesSold": 20,
      "totalQuantity": 59,
      "totalRevenue": 0,
      "avgUnitPrice": 0,
      "firstSaleDate": "2025-08-31T20:00:00.000Z",
      "lastSaleDate": "2025-10-31T20:00:00.000Z"
    },
    {
      "name": "Vegan Mushroom Pasta Platter",
      "category": "Hot Meals",
      "productGroup": "Food Items",
      "barcode": "0123461151",
      "unitOfMeasure": "Portion",
      "timesSold": 2,
      "totalQuantity": 2,
      "totalRevenue": 0,
      "avgUnitPrice": 0,
      "firstSaleDate": "2025-09-28T20:00:00.000Z",
      "lastSaleDate": "2025-10-05T20:00:00.000Z"
    },
    {
      "name": "Vegetables Platter",
      "category": "Appetizers",
      "productGroup": "Food Items",
      "barcode": null,
      "unitOfMeasure": "Portion",
      "timesSold": 39,
      "totalQuantity": 75,
      "totalRevenue": 0,
      "avgUnitPrice": 0,
      "firstSaleDate": "2025-08-31T20:00:00.000Z",
      "lastSaleDate": "2025-10-31T20:00:00.000Z"
    },
    {
      "name": "Vegeterian Omelette 1 Kg",
      "category": "Basic Sub- Recipe",
      "productGroup": "Food Items",
      "barcode": null,
      "unitOfMeasure": "KG",
      "timesSold": 9,
      "totalQuantity": 17,
      "totalRevenue": 0,
      "avgUnitPrice": 0,
      "firstSaleDate": "2025-08-31T20:00:00.000Z",
      "lastSaleDate": "2025-10-28T20:00:00.000Z"
    },
    {
      "name": "Vol Au Vent Mushrooms & Onions",
      "category": "Appetizers",
      "productGroup": "Food Items",
      "barcode": null,
      "unitOfMeasure": "unit",
      "timesSold": 1,
      "totalQuantity": 20,
      "totalRevenue": 0,
      "avgUnitPrice": 0,
      "firstSaleDate": "2025-12-01T20:00:00.000Z",
      "lastSaleDate": "2025-12-01T20:00:00.000Z"
    },
    {
      "name": "Waffle Plate",
      "category": "Breakfast",
      "productGroup": "Food Items",
      "barcode": "0123461192",
      "unitOfMeasure": "Portion",
      "timesSold": 19,
      "totalQuantity": 77,
      "totalRevenue": 0,
      "avgUnitPrice": 0,
      "firstSaleDate": "2025-08-31T20:00:00.000Z",
      "lastSaleDate": "2025-12-05T20:00:00.000Z"
    },
    {
      "name": "Walnuts",
      "category": "Nuts",
      "productGroup": null,
      "barcode": "0123461194",
      "unitOfMeasure": "KG",
      "timesSold": 1,
      "totalQuantity": 0.3,
      "totalRevenue": 0,
      "avgUnitPrice": 0,
      "firstSaleDate": "2025-12-01T20:00:00.000Z",
      "lastSaleDate": "2025-12-01T20:00:00.000Z"
    },
    {
      "name": "Watermelon",
      "category": "Fruits & Vegetables",
      "productGroup": null,
      "barcode": "0123461198",
      "unitOfMeasure": "KG",
      "timesSold": 8,
      "totalQuantity": 43.95,
      "totalRevenue": 0,
      "avgUnitPrice": 0,
      "firstSaleDate": "2025-09-11T20:00:00.000Z",
      "lastSaleDate": "2026-01-07T20:00:00.000Z"
    },
    {
      "name": "Watermelon UNIT",
      "category": "Fruits & Vegetables",
      "productGroup": null,
      "barcode": null,
      "unitOfMeasure": "unit",
      "timesSold": 3,
      "totalQuantity": 78,
      "totalRevenue": 0,
      "avgUnitPrice": 0,
      "firstSaleDate": "2025-09-07T20:00:00.000Z",
      "lastSaleDate": "2025-09-09T20:00:00.000Z"
    },
    {
      "name": "Yellow Bell Pepper",
      "category": "Fruits & Vegetables",
      "productGroup": null,
      "barcode": "0123461212",
      "unitOfMeasure": "KG",
      "timesSold": 3,
      "totalQuantity": 6.5,
      "totalRevenue": 0,
      "avgUnitPrice": 0,
      "firstSaleDate": "2025-11-07T20:00:00.000Z",
      "lastSaleDate": "2026-01-07T20:00:00.000Z"
    },
    {
      "name": "sub mini brownies",
      "category": "Desserts",
      "productGroup": "Food Items",
      "barcode": "0123461017",
      "unitOfMeasure": "unit",
      "timesSold": 2,
      "totalQuantity": 63,
      "totalRevenue": 0,
      "avgUnitPrice": 0,
      "firstSaleDate": "2025-11-24T20:00:00.000Z",
      "lastSaleDate": "2025-11-24T20:00:00.000Z"
    },
    {
      "name": "sub mini chocolate custard",
      "category": "Subscriptions",
      "productGroup": null,
      "barcode": "0123460953",
      "unitOfMeasure": "unit",
      "timesSold": 1,
      "totalQuantity": 19,
      "totalRevenue": 0,
      "avgUnitPrice": 0,
      "firstSaleDate": "2025-10-21T20:00:00.000Z",
      "lastSaleDate": "2025-10-21T20:00:00.000Z"
    }
  ]
}